invoice,branch,city,type,gender,category,cogs,sales,date,time,payment,review
750-67-8428,a,nueva york,member,female,health and beauty,"522,83","548,97",01/05/2019,13:08,ewallet,"9,10"
226-31-3081,c,houston,normal,female,electronic accessories,"76,40","80,22",03/08/2019,10:29,cash,"9,60"
631-41-3108,a,nueva york,normal,male,home and lifestyle,"324,31","340,53",03/03/2019,13:23,credit card,"7,40"
123-19-1176,a,nueva york,member,male,health and beauty,"465,76","489,05",1/27/2019,20:33,ewallet,"8,40"
373-73-7910,a,nueva york,normal,male,sports and travel,"604,17","634,38",02/08/2019,10:37,ewallet,"5,30"
699-14-3026,c,houston,normal,male,electronic accessories,"597,73","627,62",3/25/2019,18:30,ewallet,"4,10"
355-53-5943,a,nueva york,member,female,electronic accessories,"413,04","433,69",2/25/2019,14:36,ewallet,"5,80"
315-22-5665,c,houston,normal,female,home and lifestyle,"735,60","772,38",2/24/2019,11:38,ewallet,"8,00"
665-32-9167,a,nueva york,member,female,health and beauty,"72,52","76,15",01/10/2019,17:15,credit card,"7,20"
692-92-5582,b,chicago,member,female,food and beverages,"164,52","172,75",2/20/2019,13:27,credit card,"5,90"
351-62-0822,b,chicago,member,female,fashion accessories,"57,92","60,82",02/06/2019,18:07,ewallet,"4,50"
529-56-3974,b,chicago,member,male,electronic accessories,"102,04","107,14",03/09/2019,17:03,cash,"6,80"
365-64-0515,a,nueva york,normal,female,electronic accessories,"234,75","246,49",02/12/2019,10:25,ewallet,"7,10"
252-56-2699,a,nueva york,normal,male,food and beverages,"431,90","453,50",02/07/2019,16:48,ewallet,"8,20"
829-34-3910,a,nueva york,normal,female,health and beauty,"713,80","749,49",3/29/2019,19:21,cash,"5,70"
299-46-1805,b,chicago,member,female,sports and travel,"562,32","590,44",1/15/2019,16:19,cash,"4,50"
656-95-9349,a,nueva york,member,female,health and beauty,"482,51","506,64",03/11/2019,11:03,credit card,"4,60"
765-26-6951,a,nueva york,normal,male,sports and travel,"435,66","457,44",01/01/2019,10:39,credit card,"6,90"
329-62-1586,a,nueva york,normal,male,food and beverages,"164,01","172,21",1/21/2019,18:00,credit card,"8,60"
319-50-3348,b,chicago,normal,female,home and lifestyle,"80,60","84,63",03/11/2019,15:30,ewallet,"4,40"
300-71-4605,c,houston,member,male,electronic accessories,"430,20","451,71",2/25/2019,11:24,ewallet,"4,80"
371-85-5789,b,chicago,normal,male,health and beauty,"263,94","277,14",03/05/2019,10:40,ewallet,"5,10"
273-16-6619,b,chicago,normal,male,home and lifestyle,"66,40","69,72",3/15/2019,12:20,credit card,"4,40"
636-48-8204,a,nueva york,normal,male,electronic accessories,"172,80","181,44",2/17/2019,11:15,ewallet,"9,90"
549-59-1358,a,nueva york,member,male,sports and travel,"265,89","279,18",03/02/2019,17:36,ewallet,"6,00"
227-03-5010,a,nueva york,member,female,home and lifestyle,"420,72","441,76",3/22/2019,19:20,credit card,"8,50"
649-29-6775,b,chicago,normal,male,fashion accessories,"33,52","35,20",02/08/2019,15:31,cash,"6,70"
189-17-4241,a,nueva york,normal,female,fashion accessories,"175,34","184,11",03/10/2019,12:17,credit card,"7,70"
145-94-9061,b,chicago,normal,female,food and beverages,"441,80","463,89",1/25/2019,19:48,cash,"9,60"
848-62-7243,a,nueva york,normal,male,health and beauty,"224,01","235,21",3/15/2019,15:36,cash,"7,40"
871-79-8483,b,chicago,normal,male,fashion accessories,"470,65","494,18",2/25/2019,19:39,credit card,"4,80"
149-71-6266,b,chicago,member,male,sports and travel,"702,63","737,76",1/28/2019,12:43,cash,"4,50"
640-49-2076,b,chicago,normal,male,sports and travel,"670,24","703,75",01/10/2019,14:49,cash,"5,10"
595-11-5460,a,nueva york,normal,male,health and beauty,"193,16","202,82",3/15/2019,10:12,credit card,"5,10"
183-56-6882,c,houston,member,female,food and beverages,"397,68","417,56",02/06/2019,10:42,ewallet,"7,50"
232-16-2483,c,houston,member,female,sports and travel,"68,12","71,53",01/07/2019,12:28,ewallet,"6,80"
129-29-8530,a,nueva york,member,male,sports and travel,"313,10","328,76",03/10/2019,19:15,ewallet,"7,00"
272-65-1806,a,nueva york,normal,female,electronic accessories,"547,92","575,32",1/15/2019,17:17,ewallet,"4,70"
333-73-7901,c,houston,normal,female,health and beauty,"439,36","461,33",3/23/2019,13:24,ewallet,"7,60"
777-82-7220,b,chicago,member,male,home and lifestyle,"240,96","253,01",03/03/2019,13:01,cash,"7,70"
280-35-5823,b,chicago,member,female,home and lifestyle,"86,72","91,06",1/17/2019,18:45,ewallet,"7,90"
554-53-8700,c,houston,member,male,home and lifestyle,"112,22","117,83",02/02/2019,10:11,cash,"6,30"
354-25-5821,b,chicago,member,female,sports and travel,"414,72","435,46",02/08/2019,13:03,cash,"5,60"
228-96-1411,c,houston,member,female,food and beverages,"789,60","829,08",03/04/2019,20:39,cash,"7,60"
617-15-4209,c,houston,member,male,health and beauty,"30,74","32,28",3/16/2019,19:47,cash,"7,20"
132-32-9879,b,chicago,member,female,electronic accessories,"375,84","394,63",03/09/2019,18:00,cash,"9,50"
370-41-7321,b,chicago,member,male,health and beauty,"510,21","535,72",2/27/2019,17:24,credit card,"8,40"
727-46-3608,b,chicago,member,female,food and beverages,"180,09","189,09",02/06/2019,15:47,ewallet,"4,10"
669-54-1719,b,chicago,member,male,electronic accessories,"113,58","119,26",02/10/2019,12:45,credit card,"8,10"
574-22-5561,c,houston,member,female,fashion accessories,"826,30","867,62",3/19/2019,17:08,ewallet,"7,90"
326-78-5178,c,houston,member,male,food and beverages,"639,80","671,79",02/03/2019,10:19,cash,"9,50"
162-48-8011,a,nueva york,member,female,food and beverages,"222,95","234,10",02/10/2019,15:10,cash,"8,50"
616-24-2851,b,chicago,member,female,fashion accessories,"71,48","75,05",3/22/2019,14:42,ewallet,"6,50"
778-71-5554,c,houston,member,male,fashion accessories,"15,43","16,20",1/25/2019,15:46,credit card,"6,10"
242-55-6721,b,chicago,normal,male,home and lifestyle,"32,32","33,94",03/07/2019,11:49,ewallet,"6,50"
399-46-5918,c,houston,normal,female,electronic accessories,"687,84","722,23",2/28/2019,19:01,cash,"8,20"
106-35-6779,a,nueva york,member,male,home and lifestyle,"88,68","93,11",3/27/2019,11:26,cash,"5,80"
635-40-6220,a,nueva york,normal,male,health and beauty,"716,80","752,64",02/07/2019,11:28,ewallet,"6,60"
817-48-8732,a,nueva york,member,female,home and lifestyle,"723,50","759,68",1/20/2019,15:55,cash,"5,40"
120-06-4233,c,houston,normal,male,electronic accessories,"183,66","192,84",03/12/2019,20:36,cash,"9,30"
285-68-5083,c,houston,member,female,sports and travel,"74,22","77,93",2/15/2019,17:47,credit card,"10,00"
803-83-5989,c,houston,normal,male,home and lifestyle,"334,38","351,10",2/24/2019,10:55,ewallet,"7,00"
347-34-2234,b,chicago,member,female,sports and travel,"495,63","520,41",02/03/2019,13:40,ewallet,"10,00"
199-75-8169,a,nueva york,member,male,sports and travel,"158,10","166,01",03/06/2019,12:27,credit card,"8,60"
853-23-2453,b,chicago,member,male,health and beauty,"302,96","318,11",2/14/2019,14:35,cash,"7,60"
877-22-3308,a,nueva york,member,male,health and beauty,"158,70","166,64",3/13/2019,16:40,cash,"5,80"
838-78-4295,c,houston,normal,female,health and beauty,"66,94","70,29",02/10/2019,15:43,ewallet,"6,70"
109-28-2512,b,chicago,member,female,fashion accessories,"585,66","614,94",01/07/2019,15:01,ewallet,"9,90"
232-11-3025,a,nueva york,normal,male,sports and travel,"787,70","827,09",1/24/2019,10:04,cash,"6,40"
382-03-4532,a,nueva york,member,female,health and beauty,"18,33","19,25",02/02/2019,18:50,cash,"4,30"
393-65-2792,c,houston,normal,male,food and beverages,"894,80","939,54",01/06/2019,12:46,credit card,"9,60"
796-12-2025,c,houston,normal,male,fashion accessories,"621,20","652,26",02/11/2019,16:19,cash,"5,90"
510-95-6347,b,chicago,member,female,food and beverages,"145,56","152,84",03/05/2019,18:17,ewallet,"4,00"
841-35-6630,c,houston,normal,female,electronic accessories,"455,46","478,23",03/09/2019,18:21,cash,"8,70"
287-21-9091,a,nueva york,normal,male,home and lifestyle,"672,03","705,63",1/22/2019,10:55,ewallet,"9,40"
732-94-0499,c,houston,normal,female,electronic accessories,"416,50","437,33",1/13/2019,17:04,credit card,"5,40"
263-10-3913,c,houston,member,male,fashion accessories,"441,36","463,43",01/09/2019,14:20,credit card,"8,60"
381-20-0914,a,nueva york,member,female,fashion accessories,"180,09","189,09",01/12/2019,15:48,credit card,"5,70"
829-49-1914,c,houston,member,female,food and beverages,"783,10","822,26",03/05/2019,16:24,ewallet,"6,60"
756-01-7507,c,houston,normal,female,health and beauty,"101,90","107,00",1/22/2019,18:56,cash,"6,00"
870-72-4431,c,houston,normal,female,health and beauty,"595,14","624,90",1/21/2019,14:42,credit card,"5,50"
847-38-7188,b,chicago,normal,female,food and beverages,"290,04","304,54",1/26/2019,19:56,ewallet,"6,40"
480-63-2856,c,houston,normal,male,food and beverages,"154,00","161,70",1/23/2019,18:37,ewallet,"6,60"
787-56-0757,c,houston,member,female,food and beverages,"321,44","337,51",2/23/2019,18:45,credit card,"8,30"
360-39-5055,c,houston,member,male,sports and travel,"244,55","256,78",03/09/2019,10:17,cash,"6,60"
730-50-9884,c,houston,normal,female,sports and travel,"581,42","610,49",03/05/2019,14:31,ewallet,"4,00"
362-58-8315,c,houston,normal,male,fashion accessories,"382,60","401,73",3/25/2019,10:23,cash,"9,90"
633-44-8566,a,nueva york,member,male,food and beverages,"345,66","362,94",3/27/2019,20:35,credit card,"7,30"
504-35-8843,a,nueva york,normal,male,sports and travel,"42,47","44,59",01/02/2019,16:57,cash,"5,70"
318-68-5053,b,chicago,normal,female,health and beauty,"461,94","485,04",2/27/2019,17:55,cash,"6,10"
565-80-5980,c,houston,member,female,home and lifestyle,"189,52","199,00",1/23/2019,10:25,cash,"7,10"
225-32-0908,c,houston,normal,female,sports and travel,"448,60","471,03",1/26/2019,19:54,ewallet,"8,20"
873-51-0671,a,nueva york,member,female,sports and travel,"153,86","161,55",01/10/2019,16:42,ewallet,"5,10"
152-08-9985,b,chicago,member,male,health and beauty,"579,24","608,20",03/12/2019,12:09,credit card,"8,60"
512-91-0811,c,houston,normal,male,health and beauty,"89,75","94,24",02/06/2019,20:05,credit card,"6,60"
594-34-4444,a,nueva york,normal,male,electronic accessories,"97,16","102,02",03/08/2019,20:38,ewallet,"7,20"
766-85-7061,b,chicago,normal,male,health and beauty,"878,70","922,64",3/29/2019,10:25,ewallet,"5,10"
871-39-9221,c,houston,normal,female,electronic accessories,"74,70","78,44",02/09/2019,13:11,cash,"4,10"
865-92-6136,a,nueva york,normal,male,food and beverages,"158,25","166,16",3/23/2019,10:16,ewallet,"9,30"
733-01-9107,b,chicago,normal,male,home and lifestyle,"496,20","521,01",03/05/2019,18:14,cash,"7,40"
163-56-7055,c,houston,member,male,fashion accessories,"48,71","51,15",3/26/2019,19:20,cash,"4,10"
189-98-2939,c,houston,normal,male,fashion accessories,"706,95","742,30",03/01/2019,13:22,cash,"7,20"
551-21-3069,c,houston,normal,female,electronic accessories,"207,63","218,01",02/01/2019,11:27,cash,"4,90"
212-62-1842,a,nueva york,normal,male,food and beverages,"349,56","367,04",3/28/2019,16:44,cash,"9,90"
716-39-1409,b,chicago,normal,male,health and beauty,"212,45","223,07",3/19/2019,18:19,cash,"8,00"
704-48-3927,a,nueva york,member,male,electronic accessories,"886,70","931,04",01/12/2019,14:50,ewallet,"7,30"
628-34-3388,c,houston,normal,male,fashion accessories,"164,28","172,49",01/05/2019,20:54,credit card,"7,90"
630-74-5166,a,nueva york,normal,male,sports and travel,"372,78","391,42",3/22/2019,20:19,cash,"7,40"
588-01-7461,c,houston,normal,female,food and beverages,"305,82","321,11",3/24/2019,10:43,cash,"4,20"
861-77-0145,c,houston,member,male,electronic accessories,"819,70","860,69",03/03/2019,14:30,cash,"9,20"
479-26-8945,b,chicago,member,female,sports and travel,"32,98","34,63",02/05/2019,11:32,ewallet,"4,60"
210-67-5886,c,houston,member,female,health and beauty,"294,63","309,36",02/05/2019,10:41,credit card,"7,80"
227-78-1148,b,chicago,normal,female,fashion accessories,"509,88","535,37",2/15/2019,12:44,cash,"8,40"
645-44-1170,a,nueva york,member,male,home and lifestyle,"522,63","548,76",1/19/2019,20:07,ewallet,"4,30"
237-01-6122,c,houston,member,female,home and lifestyle,"727,11","763,47",02/01/2019,20:31,credit card,"9,50"
225-98-1496,c,houston,normal,female,fashion accessories,"81,06","85,11",03/02/2019,13:01,credit card,"7,10"
291-32-1427,b,chicago,member,male,fashion accessories,"109,70","115,19",03/05/2019,12:29,ewallet,"5,30"
659-65-8956,b,chicago,member,male,fashion accessories,"51,36","53,93",1/16/2019,15:26,ewallet,"5,20"
642-32-2990,a,nueva york,normal,female,food and beverages,"109,60","115,08",02/02/2019,20:48,ewallet,"6,00"
378-24-2715,b,chicago,normal,male,home and lifestyle,"106,88","112,22",1/20/2019,20:38,ewallet,"4,10"
638-60-7125,a,nueva york,normal,female,electronic accessories,"796,48","836,30",2/14/2019,17:03,credit card,"5,20"
659-36-1684,c,houston,member,male,sports and travel,"399,84","419,83",01/12/2019,12:02,credit card,"6,50"
219-22-9386,b,chicago,member,male,sports and travel,"899,64","944,62",03/09/2019,17:26,credit card,"4,20"
336-78-2147,c,houston,member,male,home and lifestyle,"511,28","536,84",3/13/2019,19:52,credit card,"4,60"
268-27-6179,b,chicago,member,female,fashion accessories,"451,76","474,35",03/09/2019,14:57,ewallet,"7,30"
668-90-8900,a,nueva york,normal,female,home and lifestyle,"655,83","688,62",03/10/2019,18:44,credit card,"4,50"
870-54-3162,a,nueva york,normal,female,sports and travel,"161,25","169,31",1/27/2019,13:26,cash,"9,00"
189-08-9157,c,houston,normal,female,fashion accessories,"285,57","299,85",01/08/2019,16:17,credit card,"5,90"
663-86-9076,c,houston,member,female,food and beverages,"548,32","575,74",01/08/2019,15:57,ewallet,"8,50"
549-84-7482,b,chicago,normal,female,sports and travel,"812,52","853,15",02/08/2019,11:15,ewallet,"7,20"
191-10-6171,b,chicago,normal,female,fashion accessories,"277,34","291,21",1/25/2019,13:18,cash,"7,50"
802-70-5316,a,nueva york,member,female,sports and travel,"552,78","580,42",03/06/2019,20:34,cash,"8,30"
695-51-0018,b,chicago,normal,female,sports and travel,"139,36","146,33",02/10/2019,18:36,cash,"7,40"
590-83-4591,b,chicago,member,male,electronic accessories,"524,70","550,94",2/17/2019,14:40,credit card,"8,80"
483-71-1164,c,houston,normal,female,health and beauty,"487,80","512,19",03/08/2019,16:43,ewallet,"5,30"
597-78-7908,c,houston,normal,male,fashion accessories,"270,66","284,19",2/18/2019,19:39,cash,"6,20"
700-81-1757,a,nueva york,normal,female,electronic accessories,"131,55","138,13",1/18/2019,20:59,credit card,"8,80"
354-39-5160,a,nueva york,member,female,home and lifestyle,"206,52","216,85",2/18/2019,15:39,cash,"9,80"
241-72-9525,b,chicago,normal,male,sports and travel,"519,10","545,06",2/16/2019,12:21,cash,"8,20"
575-30-8091,a,nueva york,normal,male,sports and travel,"580,00","609,00",3/16/2019,19:25,ewallet,"9,20"
731-81-9469,c,houston,member,female,sports and travel,"898,00","942,90",1/23/2019,13:00,credit card,"5,40"
280-17-4359,c,houston,member,male,health and beauty,"905,00","950,25",1/25/2019,13:48,cash,"8,10"
338-65-2210,c,houston,member,female,health and beauty,"686,00","720,30",02/05/2019,19:57,cash,"9,10"
488-25-4221,c,houston,member,female,food and beverages,"30,41","31,93",2/22/2019,10:36,credit card,"8,40"
239-10-7476,a,nueva york,normal,female,home and lifestyle,"467,70","491,09",1/21/2019,16:37,ewallet,"8,00"
458-41-1477,c,houston,normal,female,health and beauty,"277,56","291,44",03/08/2019,17:11,credit card,"9,50"
685-64-1609,a,nueva york,member,female,fashion accessories,"301,40","316,47",02/10/2019,12:28,ewallet,"9,20"
568-90-5112,c,houston,normal,male,health and beauty,"264,56","277,79",3/19/2019,12:46,credit card,"5,60"
262-47-2794,b,chicago,member,male,home and lifestyle,"574,88","603,62",03/06/2019,15:07,credit card,"6,20"
238-49-0436,a,nueva york,normal,male,health and beauty,"259,68","272,66",3/27/2019,13:48,credit card,"4,90"
608-96-3517,b,chicago,member,female,fashion accessories,"366,16","384,47",3/23/2019,19:20,credit card,"4,80"
584-86-7256,c,houston,member,male,sports and travel,"241,92","254,02",03/11/2019,16:07,credit card,"7,30"
746-94-0204,a,nueva york,normal,male,fashion accessories,"749,16","786,62",1/29/2019,11:56,credit card,"7,40"
214-17-6927,c,houston,normal,female,food and beverages,"98,88","103,82",02/07/2019,18:23,ewallet,"9,90"
400-89-4171,c,houston,normal,female,sports and travel,"647,76","680,15",1/28/2019,13:05,cash,"9,30"
782-95-9291,a,nueva york,member,male,food and beverages,"461,45","484,52",2/20/2019,15:55,credit card,"9,00"
279-74-2924,b,chicago,member,male,electronic accessories,"72,17","75,78",01/04/2019,19:40,cash,"6,10"
307-85-2293,b,chicago,normal,male,home and lifestyle,"251,40","263,97",03/07/2019,13:58,ewallet,"9,70"
743-04-1105,b,chicago,member,male,health and beauty,"874,98","918,73",3/30/2019,14:43,ewallet,"6,00"
423-57-2993,b,chicago,normal,male,sports and travel,"560,34","588,36",3/27/2019,19:18,ewallet,"10,00"
894-41-5205,c,houston,normal,female,food and beverages,"345,44","362,71",1/19/2019,19:39,credit card,"8,30"
275-28-0149,a,nueva york,normal,male,sports and travel,"63,69","66,87",2/25/2019,16:21,cash,"6,00"
101-17-6199,a,nueva york,normal,male,food and beverages,"320,53","336,56",3/13/2019,19:44,credit card,"7,00"
423-80-0988,c,houston,normal,male,sports and travel,"152,80","160,44",1/30/2019,19:42,ewallet,"6,50"
548-46-9322,b,chicago,normal,male,food and beverages,"399,00","418,95",2/20/2019,15:24,credit card,"5,90"
505-02-0892,b,chicago,member,male,health and beauty,"340,56","357,59",2/25/2019,14:12,ewallet,"5,60"
234-65-2137,c,houston,normal,male,home and lifestyle,"955,80","1.003,59",1/16/2019,13:32,cash,"4,80"
687-47-8271,a,nueva york,normal,male,fashion accessories,"989,80","1.039,29",02/08/2019,16:20,credit card,"8,70"
796-32-9050,a,nueva york,normal,male,food and beverages,"307,68","323,06",1/19/2019,16:31,cash,"6,50"
105-31-1824,a,nueva york,member,male,sports and travel,"486,64","510,97",02/01/2019,15:10,credit card,"8,50"
249-42-3782,a,nueva york,normal,male,health and beauty,"350,05","367,55",01/03/2019,11:36,ewallet,"5,50"
316-55-4634,b,chicago,member,male,food and beverages,"400,25","420,26",1/26/2019,12:45,credit card,"9,40"
733-33-4967,c,houston,normal,male,electronic accessories,"166,80","175,14",03/03/2019,19:17,cash,"6,30"
608-27-6295,b,chicago,member,male,electronic accessories,"317,34","333,21",1/19/2019,17:34,credit card,"9,80"
414-12-7047,b,chicago,normal,male,food and beverages,"158,32","166,24",1/18/2019,12:04,ewallet,"8,70"
827-26-2100,a,nueva york,member,male,home and lifestyle,"304,56","319,79",3/21/2019,16:21,ewallet,"8,80"
175-54-2529,a,nueva york,member,male,food and beverages,"177,36","186,23",03/03/2019,17:01,credit card,"9,60"
139-52-2867,c,houston,normal,female,fashion accessories,"157,57","165,45",2/13/2019,10:50,credit card,"4,80"
407-63-8975,a,nueva york,normal,male,food and beverages,"443,28","465,44",3/23/2019,19:16,ewallet,"4,40"
342-65-4817,c,houston,member,male,health and beauty,"260,40","273,42",1/28/2019,16:47,ewallet,"9,90"
130-98-8941,c,houston,normal,male,fashion accessories,"449,82","472,31",02/09/2019,10:00,cash,"5,70"
434-83-9547,c,houston,member,male,food and beverages,"307,76","323,15",1/23/2019,11:51,cash,"7,70"
851-28-6367,a,nueva york,member,male,sports and travel,"155,00","162,75",3/23/2019,10:55,ewallet,"8,00"
824-88-3614,c,houston,normal,male,health and beauty,"274,48","288,20",1/25/2019,15:00,ewallet,"5,70"
586-25-0848,a,nueva york,normal,female,sports and travel,"86,38","90,70",03/04/2019,11:19,credit card,"6,70"
895-66-0685,b,chicago,member,male,food and beverages,"54,24","56,95",03/05/2019,19:46,ewallet,"8,00"
305-14-0245,b,chicago,member,female,home and lifestyle,"755,92","793,72",03/03/2019,19:00,ewallet,"7,50"
732-04-5373,b,chicago,member,male,home and lifestyle,"185,88","195,17",02/08/2019,10:53,cash,"7,00"
400-60-7251,a,nueva york,normal,male,home and lifestyle,"74,07","77,77",02/10/2019,12:50,ewallet,"9,90"
593-65-1552,c,houston,normal,female,home and lifestyle,"279,24","293,20",1/28/2019,20:50,credit card,"5,90"
284-34-9626,b,chicago,normal,female,home and lifestyle,"231,12","242,68",02/11/2019,10:39,credit card,"7,20"
437-58-8131,b,chicago,normal,female,fashion accessories,"147,04","154,39",1/15/2019,13:41,ewallet,"4,60"
286-43-6208,c,houston,normal,female,food and beverages,"790,20","829,71",3/16/2019,19:08,cash,"9,20"
641-43-2399,b,chicago,normal,male,home and lifestyle,"102,20","107,31",1/26/2019,20:23,ewallet,"5,70"
831-07-6050,a,nueva york,normal,male,electronic accessories,"163,55","171,73",3/19/2019,11:30,credit card,"9,90"
556-86-3144,c,houston,member,female,fashion accessories,"74,29","78,00",1/13/2019,19:30,cash,"5,00"
848-24-9445,c,houston,member,male,health and beauty,"87,40","91,77",3/26/2019,18:03,cash,"4,90"
856-22-8149,a,nueva york,normal,female,home and lifestyle,"25,29","26,55",3/23/2019,10:13,ewallet,"6,10"
699-01-4164,c,houston,normal,male,health and beauty,"166,00","174,30",03/12/2019,19:58,credit card,"8,20"
420-11-4919,c,houston,member,female,food and beverages,"356,95","374,80",2/17/2019,19:57,credit card,"5,50"
606-80-4905,c,houston,member,female,sports and travel,"114,90","120,65",1/29/2019,10:01,credit card,"6,80"
542-41-0513,b,chicago,member,female,electronic accessories,"229,96","241,46",3/15/2019,11:57,cash,"6,60"
426-39-2418,c,houston,normal,male,electronic accessories,"429,87","451,36",1/14/2019,10:02,cash,"9,80"
875-46-5808,b,chicago,member,male,health and beauty,"259,00","271,95",02/06/2019,14:51,ewallet,"8,70"
394-43-4238,b,chicago,member,male,home and lifestyle,"88,85","93,29",2/15/2019,12:42,credit card,"5,40"
749-24-1565,a,nueva york,normal,female,health and beauty,"207,27","217,63",01/03/2019,12:02,ewallet,"7,90"
672-51-8681,c,houston,member,female,electronic accessories,"599,85","629,84",01/04/2019,18:19,credit card,"9,70"
263-87-5680,c,houston,member,female,home and lifestyle,"285,30","299,57",3/18/2019,17:38,ewallet,"7,80"
573-58-9734,b,chicago,normal,female,fashion accessories,"91,11","95,67",3/28/2019,13:41,ewallet,"5,10"
817-69-8206,b,chicago,normal,female,electronic accessories,"897,57","942,45",03/02/2019,19:42,credit card,"6,50"
888-02-0338,a,nueva york,normal,male,electronic accessories,"236,07","247,87",1/25/2019,20:24,ewallet,"5,90"
677-11-0152,c,houston,normal,female,food and beverages,"839,34","881,31",1/16/2019,18:08,cash,"8,80"
142-63-6033,b,chicago,normal,male,home and lifestyle,"461,80","484,89",3/20/2019,19:17,ewallet,"4,90"
656-16-1063,b,chicago,normal,male,sports and travel,"139,26","146,22",01/04/2019,13:24,credit card,"4,40"
891-58-8335,b,chicago,member,female,sports and travel,"207,27","217,63",03/11/2019,15:53,cash,"6,50"
802-43-8934,a,nueva york,normal,male,home and lifestyle,"18,28","19,19",3/22/2019,15:05,credit card,"8,30"
560-30-5617,b,chicago,normal,female,sports and travel,"123,85","130,04",3/24/2019,18:27,cash,"8,50"
319-74-2561,a,nueva york,member,female,electronic accessories,"283,92","298,12",2/21/2019,16:55,cash,"5,50"
549-03-9315,b,chicago,normal,male,fashion accessories,"758,96","796,91",02/12/2019,12:58,ewallet,"8,70"
790-29-1172,b,chicago,normal,female,food and beverages,"172,02","180,62",03/10/2019,18:59,credit card,"7,90"
239-36-3640,b,chicago,normal,male,electronic accessories,"272,10","285,71",1/31/2019,13:44,ewallet,"6,10"
468-01-2051,b,chicago,normal,male,food and beverages,"434,56","456,29",03/06/2019,13:46,ewallet,"5,40"
389-25-3394,c,houston,normal,male,electronic accessories,"59,05","62,00",2/17/2019,18:06,cash,"9,40"
279-62-1445,c,houston,member,female,fashion accessories,"12,54","13,17",2/21/2019,12:38,cash,"8,20"
213-72-6612,a,nueva york,normal,male,food and beverages,"86,50","90,83",3/20/2019,15:56,cash,"6,20"
746-68-6593,c,houston,member,female,sports and travel,"174,32","183,04",01/11/2019,14:29,credit card,"9,70"
836-82-5858,b,chicago,member,male,health and beauty,"624,33","655,55",1/26/2019,19:14,ewallet,"4,00"
583-72-1480,c,houston,member,male,electronic accessories,"148,24","155,65",1/31/2019,16:24,ewallet,"9,70"
466-61-5506,b,chicago,member,female,electronic accessories,"544,20","571,41",2/26/2019,10:52,cash,"5,30"
721-86-6247,a,nueva york,normal,female,home and lifestyle,"507,36","532,73",03/11/2019,12:55,ewallet,"7,40"
289-65-5721,b,chicago,normal,female,fashion accessories,"162,74","170,88",1/26/2019,19:28,cash,"6,50"
545-46-3100,b,chicago,member,female,electronic accessories,"31,77","33,36",03/12/2019,13:52,credit card,"8,70"
418-02-5978,b,chicago,normal,female,health and beauty,"756,81","794,65",02/11/2019,10:54,cash,"8,00"
269-04-5750,b,chicago,member,male,fashion accessories,"295,28","310,04",2/21/2019,18:31,cash,"6,70"
157-13-5295,a,nueva york,member,male,health and beauty,"519,40","545,37",03/09/2019,18:24,ewallet,"6,50"
645-78-8093,a,nueva york,normal,female,sports and travel,"186,28","195,59",1/20/2019,18:09,ewallet,"4,10"
211-30-9270,c,houston,normal,male,health and beauty,"87,05","91,40",1/28/2019,15:16,credit card,"4,90"
755-12-3214,c,houston,member,female,fashion accessories,"221,10","232,16",03/05/2019,17:07,credit card,"8,60"
346-84-3103,b,chicago,member,female,electronic accessories,"66,10","69,41",03/02/2019,19:26,cash,"4,30"
478-06-7835,a,nueva york,normal,male,fashion accessories,"89,69","94,17",01/11/2019,11:20,ewallet,"4,90"
540-11-4336,a,nueva york,normal,male,food and beverages,"224,46","235,68",01/11/2019,16:49,credit card,"5,60"
448-81-5016,a,nueva york,normal,male,health and beauty,"119,54","125,52",03/11/2019,12:01,credit card,"5,80"
142-72-4741,c,houston,member,male,fashion accessories,"186,40","195,72",2/28/2019,18:37,credit card,"6,00"
217-58-1179,a,nueva york,member,male,home and lifestyle,"250,60","263,13",01/05/2019,11:25,cash,"4,20"
376-02-8238,b,chicago,normal,male,home and lifestyle,"750,96","788,51",02/02/2019,18:42,credit card,"8,30"
530-90-9855,a,nueva york,member,male,home and lifestyle,"380,72","399,76",01/01/2019,14:47,cash,"5,70"
866-05-7563,b,chicago,member,female,electronic accessories,"244,20","256,41",02/09/2019,19:43,cash,"4,80"
604-70-6476,a,nueva york,member,male,fashion accessories,"89,70","94,19",1/23/2019,14:04,ewallet,"6,80"
799-71-1548,a,nueva york,member,male,electronic accessories,"310,88","326,42",01/07/2019,16:11,credit card,"8,80"
785-13-7708,b,chicago,normal,male,food and beverages,"511,42","536,99",1/14/2019,19:06,credit card,"4,20"
845-51-0542,b,chicago,member,male,food and beverages,"418,95","439,90",02/02/2019,15:34,ewallet,"6,40"
662-47-5456,c,houston,member,male,fashion accessories,"351,90","369,50",3/17/2019,19:06,credit card,"8,40"
883-17-4236,c,houston,normal,female,sports and travel,"28,78","30,22",03/02/2019,19:44,credit card,"7,20"
290-68-2984,a,nueva york,normal,male,home and lifestyle,"95,00","99,75",3/16/2019,11:22,cash,"5,20"
704-11-6354,a,nueva york,member,male,home and lifestyle,"471,20","494,76",01/06/2019,11:23,cash,"8,90"
110-48-7033,b,chicago,member,male,fashion accessories,"130,48","137,00",1/29/2019,14:12,cash,"9,00"
366-93-0948,a,nueva york,member,male,electronic accessories,"66,35","69,67",1/31/2019,10:46,credit card,"9,70"
729-09-9681,a,nueva york,member,male,home and lifestyle,"155,46","163,23",02/05/2019,10:16,ewallet,"8,70"
151-16-1484,a,nueva york,member,male,electronic accessories,"129,00","135,45",2/13/2019,12:38,ewallet,"6,50"
380-94-4661,c,houston,member,male,electronic accessories,"263,76","276,95",02/07/2019,13:05,credit card,"6,90"
850-41-9669,a,nueva york,normal,female,electronic accessories,"675,54","709,32",3/19/2019,13:25,ewallet,"6,20"
821-07-3596,c,houston,normal,female,fashion accessories,"65,80","69,09",03/07/2019,14:53,ewallet,"5,60"
655-85-5130,b,chicago,member,female,fashion accessories,"153,20","160,86",3/13/2019,19:22,cash,"5,70"
447-15-7839,a,nueva york,member,female,sports and travel,"222,40","233,52",02/09/2019,11:00,cash,"4,20"
154-74-7179,b,chicago,normal,male,sports and travel,"54,45","57,17",2/26/2019,19:24,ewallet,"7,90"
253-12-6086,a,nueva york,member,female,sports and travel,"688,80","723,24",03/12/2019,12:43,credit card,"8,70"
808-65-0703,c,houston,normal,male,home and lifestyle,"141,88","148,97",3/14/2019,17:22,credit card,"6,90"
571-94-0759,b,chicago,member,female,food and beverages,"746,00","783,30",01/08/2019,20:55,cash,"9,50"
144-51-6085,a,nueva york,member,male,home and lifestyle,"282,96","297,11",01/05/2019,16:05,credit card,"4,40"
731-14-2199,a,nueva york,member,female,home and lifestyle,"355,40","373,17",01/04/2019,13:34,ewallet,"7,00"
783-09-1637,b,chicago,normal,female,sports and travel,"337,15","354,01",03/06/2019,18:13,ewallet,"6,30"
687-15-1097,c,houston,member,female,health and beauty,"42,24","44,35",01/03/2019,19:17,cash,"9,70"
126-54-1082,a,nueva york,member,female,home and lifestyle,"193,86","203,55",01/07/2019,11:44,credit card,"8,80"
633-91-1052,a,nueva york,normal,female,home and lifestyle,"24,06","25,26",1/27/2019,15:51,cash,"5,10"
477-24-6490,b,chicago,normal,female,health and beauty,"598,26","628,17",2/26/2019,16:52,ewallet,"7,90"
566-19-5475,b,chicago,normal,male,fashion accessories,"335,79","352,58",01/07/2019,20:52,cash,"6,20"
526-86-8552,c,houston,member,female,home and lifestyle,"218,20","229,11",01/07/2019,17:36,cash,"7,10"
376-56-3573,c,houston,normal,female,fashion accessories,"381,68","400,76",02/02/2019,13:23,ewallet,"6,40"
537-72-0426,c,houston,member,male,fashion accessories,"709,90","745,40",3/20/2019,16:28,cash,"5,70"
828-61-5674,a,nueva york,member,male,sports and travel,"440,20","462,21",3/20/2019,19:57,credit card,"9,60"
136-08-6195,a,nueva york,normal,female,home and lifestyle,"559,68","587,66",2/15/2019,17:01,credit card,"6,40"
523-38-0215,c,houston,normal,male,home and lifestyle,"37,00","38,85",03/06/2019,13:29,credit card,"7,90"
490-29-1201,a,nueva york,normal,female,sports and travel,"15,34","16,11",01/06/2019,11:09,cash,"6,50"
667-92-0055,a,nueva york,member,male,health and beauty,"598,98","628,93",03/04/2019,15:02,ewallet,"8,50"
565-17-3836,a,nueva york,member,female,health and beauty,"190,68","200,21",03/12/2019,14:21,cash,"9,10"
498-41-1961,b,chicago,normal,male,health and beauty,"333,40","350,07",2/20/2019,18:01,cash,"7,60"
593-95-4461,c,houston,member,male,home and lifestyle,"74,86","78,60",3/24/2019,14:49,cash,"6,90"
226-71-3580,c,houston,normal,female,sports and travel,"213,75","224,44",1/31/2019,12:02,cash,"9,50"
283-79-9594,b,chicago,normal,female,food and beverages,"339,57","356,55",1/25/2019,13:30,credit card,"5,20"
430-60-3493,a,nueva york,member,female,home and lifestyle,"664,16","697,37",02/03/2019,14:38,cash,"4,20"
139-20-0155,b,chicago,member,male,electronic accessories,"403,00","423,15",1/24/2019,17:37,credit card,"7,00"
558-80-4082,c,houston,normal,male,electronic accessories,"194,95","204,70",3/14/2019,17:20,ewallet,"6,00"
278-97-7759,a,nueva york,member,female,electronic accessories,"62,48","65,60",2/18/2019,20:29,cash,"4,70"
316-68-6352,a,nueva york,member,female,food and beverages,"72,72","76,36",1/21/2019,10:00,cash,"7,10"
585-03-5943,b,chicago,normal,male,health and beauty,"181,10","190,16",3/13/2019,11:46,ewallet,"5,90"
211-05-0490,c,houston,member,female,electronic accessories,"259,60","272,58",03/03/2019,13:42,cash,"7,50"
727-75-6477,c,houston,normal,male,electronic accessories,"115,36","121,13",3/29/2019,14:44,cash,"6,40"
744-02-5987,a,nueva york,member,male,home and lifestyle,"470,28","493,79",01/10/2019,14:16,ewallet,"5,80"
307-83-9164,a,nueva york,member,male,home and lifestyle,"240,04","252,04",1/25/2019,15:54,cash,"4,50"
779-06-0012,c,houston,member,female,home and lifestyle,"88,61","93,04",1/19/2019,10:21,cash,"7,70"
446-47-6729,c,houston,normal,male,fashion accessories,"199,64","209,62",01/02/2019,18:09,credit card,"6,70"
573-10-3877,b,chicago,member,male,health and beauty,"39,01","40,96",03/12/2019,16:46,credit card,"4,70"
735-06-4124,c,houston,normal,male,food and beverages,"48,61","51,04",2/25/2019,15:31,cash,"4,40"
439-54-7422,a,nueva york,normal,female,electronic accessories,"204,76","215,00",3/18/2019,17:15,credit card,"4,70"
396-90-2219,b,chicago,normal,female,electronic accessories,"119,68","125,66",2/23/2019,12:29,cash,"8,60"
411-77-0180,a,nueva york,member,male,electronic accessories,"505,40","530,67",3/26/2019,20:14,ewallet,"4,30"
286-01-5402,a,nueva york,normal,female,sports and travel,"281,61","295,69",3/30/2019,13:22,cash,"9,60"
803-17-8013,a,nueva york,member,female,home and lifestyle,"710,32","745,84",2/17/2019,17:09,cash,"4,10"
512-98-1403,a,nueva york,member,female,electronic accessories,"79,44","83,41",3/21/2019,10:40,ewallet,"4,70"
848-42-2560,a,nueva york,normal,female,fashion accessories,"163,82","172,01",03/05/2019,17:43,cash,"7,80"
532-59-7201,b,chicago,member,male,sports and travel,"479,58","503,56",1/31/2019,14:04,cash,"5,50"
181-94-6432,c,houston,member,male,fashion accessories,"138,66","145,59",02/05/2019,19:05,ewallet,"9,70"
870-76-1733,a,nueva york,member,female,food and beverages,"71,15","74,71",02/01/2019,10:08,credit card,"4,40"
423-64-4619,a,nueva york,member,female,health and beauty,"139,95","146,95",03/07/2019,13:12,cash,"5,00"
227-07-4446,c,houston,member,female,electronic accessories,"781,30","820,37",02/10/2019,20:51,cash,"4,40"
174-36-3675,c,houston,member,male,food and beverages,"198,74","208,68",2/14/2019,17:29,cash,"5,20"
428-83-5800,c,houston,member,female,food and beverages,"63,24","66,40",02/09/2019,10:25,cash,"7,30"
603-07-0961,c,houston,member,male,electronic accessories,"373,95","392,65",01/10/2019,11:34,cash,"4,90"
704-20-4138,c,houston,member,female,health and beauty,"207,69","218,07",03/11/2019,18:58,credit card,"8,10"
787-15-1757,c,houston,member,male,health and beauty,"176,28","185,09",2/18/2019,16:28,ewallet,"8,40"
649-11-3678,c,houston,normal,female,food and beverages,"206,37","216,69",2/26/2019,20:26,cash,"5,50"
622-20-1945,c,houston,normal,female,health and beauty,"39,42","41,39",1/18/2019,15:08,cash,"8,40"
372-94-8041,a,nueva york,normal,male,health and beauty,"91,56","96,14",2/15/2019,18:03,ewallet,"9,80"
563-91-7120,a,nueva york,normal,female,fashion accessories,"308,85","324,29",03/08/2019,13:21,cash,"6,70"
746-54-5508,a,nueva york,normal,male,home and lifestyle,"129,12","135,58",1/17/2019,12:48,credit card,"9,40"
276-54-0879,b,chicago,normal,male,sports and travel,"390,96","410,51",03/12/2019,19:53,ewallet,"6,40"
815-11-1168,a,nueva york,member,male,food and beverages,"498,90","523,85",03/09/2019,19:09,cash,"5,40"
719-76-3868,c,houston,member,male,food and beverages,"377,04","395,89",03/12/2019,16:30,cash,"8,60"
730-61-8757,b,chicago,member,male,health and beauty,"204,52","214,75",1/25/2019,10:11,credit card,"4,00"
340-66-0321,a,nueva york,member,male,electronic accessories,"145,44","152,71",3/25/2019,13:07,cash,"7,60"
868-81-1752,b,chicago,normal,male,home and lifestyle,"198,18","208,09",02/07/2019,18:48,cash,"6,80"
634-97-8956,a,nueva york,normal,male,food and beverages,"98,70","103,64",2/17/2019,17:27,credit card,"9,10"
566-71-1091,a,nueva york,normal,male,fashion accessories,"385,10","404,36",02/03/2019,15:59,cash,"5,50"
442-48-3607,a,nueva york,member,male,food and beverages,"46,96","49,31",3/14/2019,11:21,credit card,"7,90"
835-16-0096,c,houston,member,male,sports and travel,"73,50","77,18",3/24/2019,13:48,ewallet,"8,50"
527-09-6272,a,nueva york,member,female,electronic accessories,"142,25","149,36",3/21/2019,10:17,credit card,"9,10"
898-04-2717,a,nueva york,normal,male,fashion accessories,"687,60","721,98",3/19/2019,15:49,ewallet,"7,50"
692-27-8933,b,chicago,normal,female,sports and travel,"347,70","365,09",2/24/2019,13:02,cash,"5,20"
633-09-3463,c,houston,normal,female,electronic accessories,"142,95","150,10",3/28/2019,12:58,credit card,"9,50"
374-17-3652,b,chicago,member,female,food and beverages,"385,38","404,65",02/05/2019,15:26,credit card,"8,90"
378-07-7001,b,chicago,member,male,electronic accessories,"144,27","151,48",02/10/2019,18:23,credit card,"7,80"
433-75-6987,b,chicago,member,female,health and beauty,"391,79","411,38",03/05/2019,19:06,ewallet,"8,90"
873-95-4984,b,chicago,member,female,health and beauty,"538,30","565,22",2/15/2019,20:21,cash,"7,70"
416-13-5917,c,houston,normal,female,food and beverages,"485,15","509,41",1/30/2019,16:24,ewallet,"9,30"
150-89-8043,a,nueva york,normal,male,sports and travel,"133,95","140,65",2/14/2019,15:04,cash,"6,20"
135-84-8019,a,nueva york,normal,female,fashion accessories,"701,37","736,44",2/27/2019,16:10,ewallet,"7,60"
441-94-7118,a,nueva york,member,male,electronic accessories,"71,95","75,55",02/04/2019,12:14,cash,"7,30"
725-96-3778,c,houston,member,female,home and lifestyle,"714,00","749,70",1/20/2019,10:13,cash,"4,70"
531-80-1784,a,nueva york,normal,male,electronic accessories,"182,14","191,25",3/28/2019,17:38,cash,"5,10"
400-45-1220,b,chicago,normal,female,health and beauty,"135,00","141,75",2/27/2019,11:06,credit card,"4,80"
860-79-0874,c,houston,member,female,fashion accessories,"993,00","1.042,65",2/15/2019,14:53,credit card,"6,60"
834-61-8124,a,nueva york,normal,male,electronic accessories,"361,83","379,92",1/26/2019,18:22,cash,"5,50"
115-99-4379,b,chicago,member,female,fashion accessories,"383,11","402,27",3/14/2019,19:02,credit card,"8,50"
565-67-6697,b,chicago,member,male,home and lifestyle,"243,00","255,15",03/02/2019,14:16,cash,"4,80"
320-49-6392,c,houston,normal,female,electronic accessories,"30,24","31,75",03/04/2019,15:44,cash,"8,40"
889-04-9723,b,chicago,member,female,food and beverages,"356,56","374,39",01/07/2019,12:20,credit card,"7,80"
632-90-0281,c,houston,normal,female,fashion accessories,"375,50","394,28",03/08/2019,20:01,credit card,"9,30"
554-42-2417,c,houston,normal,female,sports and travel,"954,40","1.002,12",01/09/2019,13:45,cash,"5,20"
453-63-6187,b,chicago,normal,male,electronic accessories,"82,50","86,63",03/01/2019,15:40,ewallet,"6,50"
578-80-7669,b,chicago,normal,male,sports and travel,"74,97","78,72",3/16/2019,16:58,cash,"5,60"
612-36-5536,a,nueva york,member,male,food and beverages,"647,68","680,06",2/17/2019,11:12,credit card,"7,40"
605-72-4132,c,houston,normal,female,food and beverages,"755,76","793,55",2/27/2019,15:12,cash,"9,10"
471-41-2823,c,houston,normal,male,food and beverages,"199,58","209,56",03/07/2019,20:37,ewallet,"8,00"
462-67-9126,a,nueva york,normal,male,home and lifestyle,"439,32","461,29",1/21/2019,17:44,cash,"7,20"
272-27-9238,c,houston,normal,female,food and beverages,"164,96","173,21",2/19/2019,16:23,cash,"7,10"
834-25-9262,c,houston,normal,female,fashion accessories,"326,72","343,06",01/06/2019,12:12,cash,"9,10"
122-61-9553,c,houston,normal,female,electronic accessories,"461,88","484,97",3/14/2019,19:33,cash,"5,60"
468-88-0009,a,nueva york,member,male,home and lifestyle,"263,76","276,95",3/24/2019,10:29,cash,"6,00"
613-59-9758,c,houston,normal,female,sports and travel,"143,60","150,78",1/27/2019,14:28,cash,"5,40"
254-31-0042,a,nueva york,member,male,electronic accessories,"193,50","203,18",03/06/2019,12:46,credit card,"7,80"
201-86-2184,b,chicago,member,female,electronic accessories,"183,82","193,01",02/02/2019,19:40,cash,"9,90"
261-12-8671,b,chicago,normal,female,fashion accessories,"121,92","128,02",1/25/2019,19:39,credit card,"4,90"
730-70-9830,c,houston,normal,female,home and lifestyle,"420,66","441,69",3/14/2019,17:54,ewallet,"5,20"
382-25-8917,c,houston,normal,male,fashion accessories,"252,48","265,10",1/29/2019,12:25,cash,"8,90"
422-29-8786,a,nueva york,normal,female,home and lifestyle,"335,45","352,22",01/03/2019,16:47,credit card,"9,10"
667-23-5919,a,nueva york,member,female,fashion accessories,"483,50","507,68",1/14/2019,12:52,ewallet,"7,00"
843-01-4703,b,chicago,member,female,home and lifestyle,"318,42","334,34",01/05/2019,19:50,credit card,"9,60"
743-88-1662,c,houston,normal,male,sports and travel,"668,43","701,85",2/22/2019,18:17,ewallet,"8,70"
595-86-2894,c,houston,member,male,fashion accessories,"387,92","407,32",02/06/2019,17:20,ewallet,"9,40"
182-69-8360,b,chicago,normal,female,electronic accessories,"94,60","99,33",1/30/2019,13:32,credit card,"4,00"
289-15-7034,a,nueva york,member,male,sports and travel,"329,32","345,79",01/11/2019,10:37,credit card,"7,50"
462-78-5240,c,houston,normal,female,electronic accessories,"53,22","55,88",3/19/2019,14:35,cash,"4,20"
868-52-7573,b,chicago,normal,female,food and beverages,"498,45","523,37",1/14/2019,12:09,cash,"9,90"
153-58-4872,c,houston,member,female,food and beverages,"299,56","314,54",03/01/2019,15:32,ewallet,"4,20"
662-72-2873,a,nueva york,normal,female,food and beverages,"204,70","214,94",01/06/2019,13:58,ewallet,"9,90"
525-88-7307,b,chicago,member,male,sports and travel,"75,82","79,61",1/31/2019,13:19,cash,"5,80"
689-16-9784,c,houston,normal,male,food and beverages,"280,62","294,65",03/11/2019,13:37,cash,"6,00"
725-56-0833,a,nueva york,normal,female,health and beauty,"323,20","339,36",2/20/2019,16:49,credit card,"10,00"
394-41-0748,c,houston,member,female,fashion accessories,"486,63","510,96",1/27/2019,14:55,ewallet,"9,50"
596-42-3999,b,chicago,normal,male,food and beverages,"127,54","133,92",03/10/2019,14:04,credit card,"6,60"
541-89-9860,c,houston,member,female,fashion accessories,"241,44","253,51",2/15/2019,12:31,cash,"8,10"
173-82-9529,b,chicago,normal,female,fashion accessories,"379,50","398,48",1/26/2019,14:51,cash,"9,70"
563-36-9814,a,nueva york,member,male,electronic accessories,"76,82","80,66",2/13/2019,18:27,ewallet,"7,20"
308-47-4913,a,nueva york,member,female,sports and travel,"522,60","548,73",03/09/2019,12:45,credit card,"6,20"
885-17-6250,a,nueva york,normal,female,health and beauty,"79,74","83,73",03/06/2019,10:36,ewallet,"7,30"
726-27-2396,a,nueva york,normal,female,health and beauty,"387,50","406,88",1/24/2019,20:36,ewallet,"4,30"
316-01-3952,a,nueva york,normal,female,food and beverages,"271,35","284,92",3/13/2019,14:16,ewallet,"4,60"
760-54-1821,b,chicago,normal,male,home and lifestyle,"122,31","128,43",3/15/2019,10:26,cash,"5,80"
793-10-3222,b,chicago,member,female,health and beauty,"246,36","258,68",03/05/2019,13:30,credit card,"8,30"
346-12-3257,b,chicago,member,male,electronic accessories,"173,16","181,82",03/04/2019,16:28,cash,"8,00"
110-05-6330,c,houston,normal,female,food and beverages,"236,58","248,41",3/25/2019,20:18,credit card,"9,40"
651-61-0874,c,houston,normal,male,home and lifestyle,"184,88","194,12",03/12/2019,20:04,credit card,"6,20"
236-86-3015,c,houston,member,male,home and lifestyle,"13,98","14,68",02/04/2019,13:38,ewallet,"9,80"
831-64-0259,b,chicago,normal,female,fashion accessories,"198,75","208,69",2/22/2019,10:43,ewallet,"9,60"
587-03-7455,c,houston,member,female,fashion accessories,"684,53","718,76",2/16/2019,17:30,ewallet,"4,90"
882-40-4577,a,nueva york,member,male,sports and travel,"269,04","282,49",1/19/2019,15:28,credit card,"8,00"
732-67-5346,a,nueva york,normal,male,food and beverages,"68,95","72,40",01/11/2019,19:07,credit card,"7,80"
725-32-9708,b,chicago,member,female,fashion accessories,"274,84","288,58",01/04/2019,19:01,cash,"4,10"
256-08-8343,a,nueva york,normal,female,home and lifestyle,"226,12","237,43",03/04/2019,19:48,ewallet,"5,50"
372-26-1506,c,houston,normal,female,fashion accessories,"119,10","125,06",1/28/2019,19:24,ewallet,"5,40"
244-08-0162,b,chicago,normal,female,health and beauty,"342,10","359,21",01/02/2019,13:00,cash,"5,10"
569-71-4390,b,chicago,normal,male,sports and travel,"43,74","45,93",1/25/2019,14:29,ewallet,"6,90"
132-23-6451,a,nueva york,member,male,health and beauty,"104,85","110,09",01/04/2019,13:21,cash,"7,80"
696-90-2548,a,nueva york,normal,male,sports and travel,"77,52","81,40",03/10/2019,18:55,ewallet,"6,60"
472-15-9636,a,nueva york,normal,male,home and lifestyle,"407,44","427,81",3/22/2019,19:36,ewallet,"9,20"
268-03-6164,b,chicago,normal,male,health and beauty,"96,11","100,92",1/25/2019,16:28,ewallet,"7,80"
750-57-9686,c,houston,normal,female,home and lifestyle,"181,52","190,60",01/08/2019,13:48,credit card,"8,70"
186-09-3669,c,houston,member,female,health and beauty,"81,51","85,59",1/22/2019,10:57,ewallet,"9,20"
848-07-1692,b,chicago,normal,female,health and beauty,"114,44","120,16",01/12/2019,17:13,ewallet,"8,30"
745-71-3520,a,nueva york,member,female,electronic accessories,"176,54","185,37",02/04/2019,10:23,cash,"8,20"
266-76-6436,c,houston,member,female,food and beverages,"115,80","121,59",3/28/2019,13:57,ewallet,"7,50"
740-22-2500,c,houston,normal,female,electronic accessories,"252,15","264,76",1/23/2019,13:29,cash,"9,80"
271-88-8734,c,houston,member,female,fashion accessories,"972,10","1.020,71",02/08/2019,13:00,credit card,"8,70"
301-81-8610,b,chicago,member,male,fashion accessories,"203,36","213,53",3/19/2019,19:42,credit card,"6,70"
489-64-4354,c,houston,normal,male,fashion accessories,"16,28","17,09",03/09/2019,15:36,cash,"5,00"
198-84-7132,b,chicago,member,male,fashion accessories,"365,49","383,76",01/02/2019,13:40,cash,"7,00"
269-10-8440,a,nueva york,member,male,health and beauty,"372,19","390,80",1/21/2019,18:01,cash,"8,90"
650-98-6268,b,chicago,member,female,food and beverages,"62,61","65,74",3/20/2019,13:53,credit card,"8,00"
741-73-3559,b,chicago,normal,male,sports and travel,"336,35","353,17",2/27/2019,17:27,cash,"6,90"
325-77-6186,a,nueva york,member,female,home and lifestyle,"906,50","951,83",03/08/2019,10:53,ewallet,"7,30"
286-75-7818,b,chicago,normal,male,fashion accessories,"138,16","145,07",1/31/2019,19:48,credit card,"6,90"
574-57-9721,c,houston,normal,male,food and beverages,"86,54","90,87",03/08/2019,16:53,ewallet,"5,70"
459-50-7686,a,nueva york,normal,female,electronic accessories,"140,76","147,80",1/13/2019,19:14,ewallet,"6,40"
616-87-0016,b,chicago,normal,male,fashion accessories,"668,78","702,22",03/09/2019,14:36,credit card,"9,60"
837-55-7229,b,chicago,normal,female,fashion accessories,"47,44","49,81",2/22/2019,18:19,credit card,"6,80"
751-69-0068,c,houston,normal,male,sports and travel,"893,16","937,82",3/19/2019,19:09,ewallet,"9,00"
257-73-1380,c,houston,member,male,sports and travel,"331,72","348,31",1/20/2019,16:51,ewallet,"9,60"
345-08-4992,a,nueva york,normal,male,home and lifestyle,"203,94","214,14",03/08/2019,15:37,credit card,"7,70"
549-96-4200,c,houston,member,male,food and beverages,"68,16","71,57",03/08/2019,20:15,ewallet,"7,00"
810-60-6344,c,houston,normal,female,electronic accessories,"326,88","343,22",02/07/2019,14:38,credit card,"6,50"
450-28-2866,c,houston,member,male,food and beverages,"87,20","91,56",1/15/2019,19:25,cash,"8,10"
394-30-3170,b,chicago,member,female,sports and travel,"707,44","742,81",3/22/2019,19:35,credit card,"4,30"
138-17-5109,a,nueva york,member,female,home and lifestyle,"802,89","843,03",1/15/2019,15:42,credit card,"6,50"
192-98-7397,c,houston,normal,male,fashion accessories,"12,78","13,42",01/08/2019,14:11,ewallet,"9,50"
301-11-9629,a,nueva york,normal,female,sports and travel,"133,70","140,39",1/15/2019,10:43,cash,"9,70"
390-80-5128,b,chicago,member,female,health and beauty,"19,15","20,11",1/28/2019,17:58,credit card,"9,50"
235-46-8343,c,houston,member,male,food and beverages,"276,60","290,43",2/14/2019,11:26,credit card,"8,90"
453-12-7053,c,houston,normal,male,fashion accessories,"137,22","144,08",03/10/2019,17:38,credit card,"6,50"
296-11-7041,b,chicago,member,female,health and beauty,"27,07","28,42",01/12/2019,20:07,credit card,"5,30"
449-27-2918,b,chicago,member,female,sports and travel,"39,12","41,08",3/26/2019,11:02,credit card,"9,60"
891-01-7034,b,chicago,normal,female,electronic accessories,"448,26","470,67",01/01/2019,19:07,cash,"6,70"
744-09-5786,b,chicago,normal,male,electronic accessories,"132,06","138,66",01/02/2019,18:50,cash,"7,60"
727-17-0390,a,nueva york,normal,female,food and beverages,"318,05","333,95",3/16/2019,12:43,ewallet,"4,80"
568-88-3448,a,nueva york,normal,male,health and beauty,"25,00","26,25",03/03/2019,15:09,ewallet,"5,50"
187-83-5490,a,nueva york,member,male,electronic accessories,"83,08","87,23",1/31/2019,13:47,cash,"4,70"
767-54-1907,b,chicago,member,female,fashion accessories,"147,80","155,19",2/13/2019,16:59,cash,"6,90"
710-46-4433,b,chicago,member,female,food and beverages,"696,60","731,43",2/15/2019,14:15,credit card,"4,50"
533-33-5337,b,chicago,normal,male,electronic accessories,"793,90","833,60",02/07/2019,20:24,cash,"6,20"
325-90-8763,c,houston,member,female,electronic accessories,"465,70","488,99",1/27/2019,13:58,cash,"7,60"
729-46-7422,c,houston,normal,male,food and beverages,"35,89","37,68",2/23/2019,16:52,credit card,"7,90"
639-76-1242,c,houston,normal,male,food and beverages,"202,60","212,73",02/03/2019,15:19,cash,"4,50"
234-03-4040,b,chicago,member,female,food and beverages,"730,50","767,03",03/03/2019,12:25,credit card,"8,70"
326-71-2155,c,houston,normal,female,sports and travel,"295,80","310,59",02/03/2019,10:02,cash,"6,10"
320-32-8842,c,houston,member,female,food and beverages,"22,62","23,75",3/17/2019,18:58,cash,"6,40"
470-32-9057,a,nueva york,member,male,food and beverages,"256,70","269,54",3/28/2019,15:31,credit card,"9,10"
878-30-2331,c,houston,member,female,sports and travel,"545,50","572,78",03/02/2019,11:22,credit card,"7,10"
440-59-5691,c,houston,member,female,health and beauty,"260,05","273,05",02/08/2019,13:12,credit card,"7,70"
554-53-3790,b,chicago,normal,male,sports and travel,"222,12","233,23",3/22/2019,18:33,cash,"4,50"
746-19-0921,c,houston,normal,male,food and beverages,"21,58","22,66",02/09/2019,10:02,ewallet,"7,20"
233-34-0817,c,houston,member,female,electronic accessories,"98,84","103,78",2/15/2019,11:21,cash,"8,40"
767-05-1286,c,houston,member,female,home and lifestyle,"502,62","527,75",1/23/2019,12:10,ewallet,"5,40"
340-21-9136,a,nueva york,member,female,sports and travel,"160,20","168,21",1/25/2019,11:40,cash,"9,70"
405-31-3305,a,nueva york,member,male,fashion accessories,"431,30","452,87",02/02/2019,18:31,credit card,"5,50"
731-59-7531,b,chicago,member,male,health and beauty,"580,56","609,59",3/30/2019,17:58,cash,"4,60"
676-39-6028,a,nueva york,member,female,electronic accessories,"322,20","338,31",3/30/2019,17:04,cash,"6,60"
502-05-1910,a,nueva york,normal,male,health and beauty,"195,54","205,32",2/25/2019,20:35,credit card,"6,30"
485-30-8700,a,nueva york,normal,female,sports and travel,"166,30","174,62",3/18/2019,16:10,credit card,"4,20"
598-47-9715,c,houston,normal,male,electronic accessories,"336,28","353,09",03/07/2019,16:54,ewallet,"4,40"
701-69-8742,b,chicago,normal,male,sports and travel,"343,70","360,89",3/16/2019,10:11,ewallet,"6,70"
575-67-1508,a,nueva york,normal,male,electronic accessories,"38,60","40,53",1/29/2019,11:26,ewallet,"6,70"
541-08-3113,c,houston,normal,male,food and beverages,"527,76","554,15",02/02/2019,20:29,cash,"8,40"
246-11-3901,c,houston,normal,female,electronic accessories,"328,00","344,40",2/15/2019,12:12,cash,"6,20"
674-15-9296,a,nueva york,normal,male,sports and travel,"185,70","194,99",01/08/2019,13:05,ewallet,"5,00"
305-18-3552,b,chicago,member,male,home and lifestyle,"603,80","633,99",02/12/2019,16:19,cash,"6,00"
493-65-6248,c,houston,member,female,sports and travel,"369,80","388,29",01/01/2019,19:48,credit card,"7,00"
438-01-4015,b,chicago,member,female,sports and travel,"197,96","207,86",3/21/2019,15:25,ewallet,"6,60"
709-58-4068,b,chicago,normal,female,fashion accessories,"410,90","431,45",2/28/2019,14:42,cash,"7,30"
795-49-7276,a,nueva york,normal,male,fashion accessories,"148,60","156,03",3/23/2019,18:59,ewallet,"8,30"
556-72-8512,c,houston,normal,male,home and lifestyle,"22,96","24,11",1/30/2019,20:47,cash,"4,30"
627-95-3243,b,chicago,member,female,home and lifestyle,"699,12","734,08",02/04/2019,13:21,ewallet,"9,80"
686-41-0932,b,chicago,normal,female,fashion accessories,"69,40","72,87",3/13/2019,19:48,ewallet,"8,20"
510-09-5628,a,nueva york,member,female,fashion accessories,"196,60","206,43",3/15/2019,18:20,credit card,"7,20"
608-04-3797,b,chicago,member,female,health and beauty,"202,56","212,69",03/05/2019,20:24,ewallet,"8,70"
148-82-2527,c,houston,member,female,home and lifestyle,"121,20","127,26",03/05/2019,13:44,credit card,"8,40"
437-53-3084,b,chicago,normal,male,fashion accessories,"199,78","209,77",2/26/2019,11:48,ewallet,"7,10"
632-32-4574,b,chicago,normal,male,sports and travel,"607,36","637,73",3/20/2019,14:14,cash,"5,50"
556-97-7101,c,houston,normal,female,electronic accessories,"126,44","132,76",01/01/2019,15:51,cash,"8,50"
862-59-8517,c,houston,normal,female,food and beverages,"541,44","568,51",1/27/2019,11:17,cash,"6,20"
401-18-8016,b,chicago,member,female,sports and travel,"98,13","103,04",1/21/2019,17:36,cash,"8,90"
420-18-8989,a,nueva york,member,female,sports and travel,"412,16","432,77",02/02/2019,15:47,cash,"9,60"
277-63-2961,b,chicago,member,male,sports and travel,"73,97","77,67",02/03/2019,15:53,credit card,"5,40"
573-98-8548,c,houston,member,female,fashion accessories,"31,90","33,50",01/05/2019,12:40,ewallet,"9,10"
620-02-2046,c,houston,normal,male,home and lifestyle,"138,80","145,74",1/27/2019,19:48,ewallet,"9,00"
282-35-2475,b,chicago,normal,female,sports and travel,"186,62","195,95",3/25/2019,17:53,cash,"6,30"
511-54-3087,b,chicago,normal,male,sports and travel,"88,45","92,87",2/25/2019,16:36,credit card,"9,50"
726-29-6793,a,nueva york,member,male,electronic accessories,"193,44","203,11",1/28/2019,20:54,ewallet,"9,80"
387-49-4215,b,chicago,member,female,sports and travel,"145,50","152,78",01/08/2019,12:50,cash,"6,70"
862-17-9201,b,chicago,normal,female,food and beverages,"504,30","529,52",1/29/2019,10:48,credit card,"7,70"
291-21-5991,b,chicago,member,male,health and beauty,"306,45","321,77",3/29/2019,14:28,cash,"7,00"
602-80-9671,c,houston,member,female,home and lifestyle,"95,70","100,49",02/09/2019,17:15,credit card,"5,10"
347-72-6115,b,chicago,member,female,sports and travel,"635,18","666,94",1/16/2019,18:03,credit card,"6,20"
209-61-0206,a,nueva york,normal,female,home and lifestyle,"214,55","225,28",01/05/2019,17:29,ewallet,"6,10"
595-27-4851,a,nueva york,normal,female,fashion accessories,"379,96","398,96",1/27/2019,18:05,ewallet,"9,30"
189-52-0236,a,nueva york,normal,male,electronic accessories,"696,85","731,69",3/14/2019,12:07,cash,"7,60"
503-07-0930,c,houston,member,male,sports and travel,"408,73","429,17",2/23/2019,19:49,credit card,"8,20"
413-20-6708,c,houston,member,female,fashion accessories,"51,47","54,04",3/18/2019,15:52,ewallet,"8,50"
425-85-2085,b,chicago,member,male,health and beauty,"274,30","288,02",3/29/2019,16:48,ewallet,"9,80"
521-18-7827,c,houston,member,male,home and lifestyle,"196,95","206,80",1/22/2019,20:46,credit card,"8,70"
220-28-1851,a,nueva york,normal,male,home and lifestyle,"69,46","72,93",03/01/2019,18:14,ewallet,"9,70"
600-38-9738,c,houston,member,male,sports and travel,"359,60","377,58",1/17/2019,15:05,credit card,"4,30"
734-91-1155,b,chicago,normal,female,electronic accessories,"137,13","143,99",3/26/2019,10:34,credit card,"7,70"
451-28-5717,c,houston,member,female,home and lifestyle,"499,02","523,97",3/20/2019,11:23,cash,"7,30"
609-81-8548,a,nueva york,member,female,home and lifestyle,"224,64","235,87",02/06/2019,13:55,credit card,"5,90"
133-14-7229,c,houston,normal,male,health and beauty,"125,74","132,03",01/01/2019,11:43,cash,"5,00"
534-01-4457,a,nueva york,normal,male,food and beverages,"490,26","514,77",1/27/2019,14:36,credit card,"8,00"
719-89-8991,a,nueva york,member,female,sports and travel,"457,05","479,90",2/25/2019,16:03,ewallet,"7,10"
286-62-6248,b,chicago,normal,male,fashion accessories,"156,84","164,68",1/16/2019,20:03,credit card,"9,00"
339-38-9982,b,chicago,member,male,fashion accessories,"119,72","125,71",1/13/2019,14:55,ewallet,"6,70"
827-44-5872,b,chicago,member,female,food and beverages,"543,60","570,78",02/07/2019,11:28,credit card,"6,10"
827-77-7633,a,nueva york,normal,male,sports and travel,"882,81","926,95",2/17/2019,19:41,cash,"9,30"
287-83-1405,a,nueva york,normal,male,health and beauty,"152,58","160,21",02/12/2019,19:01,ewallet,"7,00"
435-13-4908,a,nueva york,member,male,fashion accessories,"693,44","728,11",1/24/2019,18:04,credit card,"7,20"
857-67-9057,b,chicago,normal,male,electronic accessories,"229,50","240,98",02/06/2019,19:20,ewallet,"8,20"
236-27-1144,c,houston,normal,female,food and beverages,"146,79","154,13",3/26/2019,10:31,ewallet,"8,40"
892-05-6689,a,nueva york,normal,female,home and lifestyle,"141,60","148,68",03/11/2019,13:28,ewallet,"6,20"
583-41-4548,c,houston,normal,male,home and lifestyle,"116,69","122,52",02/07/2019,11:36,ewallet,"7,40"
339-12-4827,b,chicago,member,female,fashion accessories,"73,96","77,66",01/05/2019,11:32,credit card,"5,00"
643-38-7867,a,nueva york,normal,male,home and lifestyle,"97,94","102,84",03/07/2019,11:44,ewallet,"6,90"
308-81-0538,a,nueva york,normal,female,fashion accessories,"292,20","306,81",2/25/2019,17:16,credit card,"4,90"
358-88-9262,c,houston,member,female,food and beverages,"524,88","551,12",02/01/2019,18:43,ewallet,"5,10"
460-35-4390,a,nueva york,normal,male,home and lifestyle,"92,04","96,64",1/22/2019,11:00,ewallet,"9,10"
343-87-0864,c,houston,member,male,health and beauty,"75,88","79,67",01/03/2019,10:30,credit card,"7,10"
173-50-1108,b,chicago,member,female,sports and travel,"80,72","84,76",2/13/2019,12:14,credit card,"5,00"
243-47-2663,c,houston,member,male,electronic accessories,"112,62","118,25",1/28/2019,16:43,credit card,"5,50"
841-18-8232,b,chicago,normal,female,food and beverages,"71,20","74,76",01/05/2019,20:40,credit card,"9,20"
701-23-5550,b,chicago,member,male,home and lifestyle,"155,24","163,00",3/19/2019,13:40,ewallet,"4,90"
647-50-1224,a,nueva york,normal,female,fashion accessories,"294,20","308,91",01/12/2019,16:23,ewallet,"8,90"
541-48-8554,a,nueva york,normal,male,sports and travel,"548,55","575,98",01/07/2019,12:08,credit card,"6,00"
539-21-7227,b,chicago,normal,female,sports and travel,"257,70","270,59",1/26/2019,17:45,cash,"4,20"
213-32-1216,a,nueva york,normal,female,electronic accessories,"396,36","416,18",1/23/2019,10:28,cash,"7,30"
747-58-7183,b,chicago,normal,male,fashion accessories,"171,81","180,40",02/09/2019,20:31,ewallet,"6,50"
582-52-8065,b,chicago,normal,female,fashion accessories,"488,79","513,23",2/22/2019,10:49,cash,"8,90"
210-57-1719,b,chicago,normal,female,health and beauty,"524,16","550,37",02/05/2019,12:34,cash,"9,70"
399-69-4630,c,houston,normal,male,electronic accessories,"133,26","139,92",03/07/2019,10:23,credit card,"8,60"
134-75-2619,a,nueva york,member,male,electronic accessories,"135,24","142,00",3/25/2019,18:51,cash,"6,90"
356-44-8813,b,chicago,normal,male,home and lifestyle,"112,44","118,06",1/20/2019,13:45,credit card,"7,70"
198-66-9832,b,chicago,member,female,fashion accessories,"144,08","151,28",02/04/2019,19:38,cash,"9,50"
283-26-5248,c,houston,member,female,food and beverages,"985,20","1.034,46",1/30/2019,20:23,ewallet,"4,50"
712-39-0363,a,nueva york,member,male,food and beverages,"249,96","262,46",01/02/2019,15:24,ewallet,"5,60"
218-59-9410,a,nueva york,member,female,home and lifestyle,"217,26","228,12",3/29/2019,16:54,ewallet,"8,20"
174-75-0888,b,chicago,normal,male,electronic accessories,"194,22","203,93",3/14/2019,12:32,cash,"7,30"
866-99-7614,c,houston,normal,male,food and beverages,"892,00","936,60",02/11/2019,15:42,credit card,"4,40"
134-54-4720,b,chicago,normal,female,electronic accessories,"339,36","356,33",1/30/2019,13:58,ewallet,"5,70"
760-90-2357,a,nueva york,member,male,electronic accessories,"447,06","469,41",3/20/2019,15:08,ewallet,"5,00"
514-37-2845,b,chicago,normal,male,fashion accessories,"198,50","208,43",3/20/2019,13:02,cash,"9,00"
698-98-5964,a,nueva york,normal,female,food and beverages,"812,10","852,71",1/17/2019,13:01,credit card,"6,30"
718-57-9773,c,houston,normal,female,sports and travel,"493,30","517,97",02/03/2019,16:40,credit card,"9,40"
651-88-7328,a,nueva york,normal,female,fashion accessories,"591,66","621,24",01/01/2019,13:55,cash,"7,70"
241-11-2261,b,chicago,normal,female,fashion accessories,"559,02","586,97",01/10/2019,10:33,credit card,"5,50"
408-26-9866,c,houston,normal,female,sports and travel,"517,86","543,75",03/02/2019,16:42,ewallet,"4,10"
834-83-1826,b,chicago,member,female,home and lifestyle,"410,20","430,71",2/25/2019,17:16,credit card,"7,60"
343-61-3544,b,chicago,member,male,sports and travel,"266,70","280,04",1/29/2019,11:48,cash,"8,60"
239-48-4278,a,nueva york,member,male,food and beverages,"70,91","74,46",03/10/2019,19:35,ewallet,"8,30"
355-34-6244,b,chicago,normal,male,food and beverages,"144,78","152,02",1/13/2019,19:55,credit card,"8,10"
550-84-8664,a,nueva york,normal,male,sports and travel,"429,55","451,03",3/22/2019,14:33,credit card,"8,60"
339-96-8318,b,chicago,member,male,fashion accessories,"569,17","597,63",03/01/2019,19:49,ewallet,"6,30"
458-61-0011,b,chicago,normal,male,food and beverages,"241,20","253,26",2/20/2019,18:43,cash,"5,80"
592-34-6155,c,houston,normal,male,food and beverages,"127,08","133,43",1/14/2019,14:43,ewallet,"6,20"
797-88-0493,a,nueva york,normal,female,health and beauty,"257,08","269,93",3/26/2019,13:54,cash,"7,70"
207-73-1363,b,chicago,normal,male,health and beauty,"139,02","145,97",03/01/2019,12:15,ewallet,"8,10"
390-31-6381,c,houston,normal,male,food and beverages,"81,66","85,74",01/07/2019,12:37,cash,"7,30"
443-82-0585,a,nueva york,member,female,health and beauty,"310,72","326,26",02/01/2019,19:54,cash,"8,40"
339-18-7061,c,houston,member,female,fashion accessories,"185,96","195,26",2/13/2019,15:06,credit card,"8,00"
359-90-3665,b,chicago,member,female,fashion accessories,"72,32","75,94",1/14/2019,18:03,credit card,"9,50"
375-72-3056,b,chicago,normal,male,sports and travel,"189,18","198,64",1/19/2019,15:58,ewallet,"7,00"
127-47-6963,a,nueva york,normal,male,health and beauty,"206,84","217,18",03/09/2019,13:53,credit card,"9,80"
278-86-2735,a,nueva york,normal,female,food and beverages,"157,02","164,87",3/27/2019,14:03,cash,"9,20"
695-28-6250,a,nueva york,normal,female,sports and travel,"215,30","226,07",02/04/2019,16:38,ewallet,"7,70"
379-17-6588,c,houston,normal,male,fashion accessories,"596,10","625,91",3/14/2019,11:07,cash,"5,30"
227-50-3718,a,nueva york,normal,male,health and beauty,"73,10","76,76",03/04/2019,12:23,cash,"4,40"
302-15-2162,c,houston,member,male,health and beauty,"279,18","293,14",03/03/2019,10:54,credit card,"4,30"
788-07-8452,c,houston,member,female,home and lifestyle,"169,68","178,16",1/27/2019,17:38,ewallet,"9,40"
560-49-6611,a,nueva york,member,female,sports and travel,"45,58","47,86",02/07/2019,14:13,cash,"9,80"
880-35-0356,a,nueva york,member,female,sports and travel,"225,60","236,88",02/05/2019,11:51,ewallet,"4,80"
585-11-6748,b,chicago,member,male,sports and travel,"290,40","304,92",3/15/2019,13:05,cash,"5,30"
470-31-3286,b,chicago,normal,male,health and beauty,"44,46","46,68",03/01/2019,11:30,credit card,"8,70"
152-68-2907,a,nueva york,normal,male,food and beverages,"156,60","164,43",2/15/2019,13:30,credit card,"9,50"
123-35-4896,c,houston,normal,female,sports and travel,"419,94","440,94",2/17/2019,19:11,ewallet,"5,30"
258-69-7810,c,houston,normal,female,fashion accessories,"184,25","193,46",1/26/2019,18:53,cash,"9,20"
334-64-2006,a,nueva york,member,female,home and lifestyle,"140,64","147,67",3/24/2019,14:22,ewallet,"9,60"
219-61-4139,c,houston,normal,male,electronic accessories,"83,08","87,23",1/23/2019,17:16,ewallet,"6,40"
881-41-7302,c,houston,normal,female,fashion accessories,"64,99","68,24",1/26/2019,10:06,credit card,"4,50"
373-09-4567,c,houston,normal,male,food and beverages,"775,60","814,38",3/14/2019,20:35,ewallet,"6,90"
642-30-6693,b,chicago,normal,female,sports and travel,"327,06","343,41",3/17/2019,13:54,ewallet,"7,80"
484-22-8230,c,houston,member,female,fashion accessories,"363,23","381,39",01/08/2019,20:08,cash,"4,50"
830-58-2383,b,chicago,normal,male,home and lifestyle,"127,00","133,35",02/08/2019,15:26,cash,"8,60"
559-98-9873,a,nueva york,member,female,fashion accessories,"375,55","394,33",02/10/2019,12:56,ewallet,"5,20"
544-32-5024,c,houston,member,female,food and beverages,"199,16","209,12",3/28/2019,19:16,credit card,"6,40"
318-12-0304,a,nueva york,normal,male,fashion accessories,"30,61","32,14",1/23/2019,12:20,ewallet,"5,20"
349-97-8902,b,chicago,member,male,food and beverages,"115,78","121,57",1/17/2019,10:37,ewallet,"8,90"
421-95-9805,a,nueva york,normal,female,electronic accessories,"28,96","30,41",02/07/2019,10:18,credit card,"6,20"
277-35-5865,c,houston,member,female,food and beverages,"890,73","935,27",03/09/2019,11:23,cash,"6,70"
789-23-8625,b,chicago,member,male,fashion accessories,"279,66","293,64",1/24/2019,11:45,cash,"7,20"
284-54-4231,c,houston,member,male,sports and travel,"80,93","84,98",1/19/2019,16:08,credit card,"9,00"
443-59-0061,a,nueva york,member,male,food and beverages,"674,50","708,23",02/03/2019,11:25,ewallet,"4,20"
509-29-3912,a,nueva york,member,female,sports and travel,"348,48","365,90",3/20/2019,12:24,ewallet,"4,20"
327-40-9673,b,chicago,member,male,sports and travel,"435,60","457,38",1/13/2019,19:51,cash,"6,90"
840-19-2096,c,houston,member,male,electronic accessories,"439,55","461,53",3/14/2019,18:10,ewallet,"4,40"
828-46-6863,a,nueva york,member,male,food and beverages,"591,18","620,74",1/23/2019,11:22,credit card,"4,00"
641-96-3695,c,houston,member,female,fashion accessories,"260,76","273,80",02/07/2019,17:55,ewallet,"8,50"
420-97-3340,a,nueva york,normal,female,food and beverages,"215,04","225,79",3/28/2019,15:30,credit card,"9,20"
436-54-4512,a,nueva york,member,female,food and beverages,"91,61","96,19",3/20/2019,19:44,cash,"9,80"
670-79-6321,b,chicago,member,female,home and lifestyle,"662,13","695,24",1/17/2019,15:27,credit card,"4,90"
852-62-7105,b,chicago,normal,female,fashion accessories,"832,50","874,13",01/12/2019,11:25,credit card,"4,40"
598-06-7312,b,chicago,member,male,fashion accessories,"91,35","95,92",2/16/2019,15:42,cash,"6,80"
135-13-8269,b,chicago,member,female,food and beverages,"157,76","165,65",1/26/2019,16:04,cash,"9,10"
816-57-2053,a,nueva york,normal,male,sports and travel,"121,74","127,83",03/09/2019,12:37,ewallet,"8,70"
628-90-8624,b,chicago,member,male,health and beauty,"825,80","867,09",3/14/2019,14:41,cash,"5,00"
856-66-2701,a,nueva york,member,male,home and lifestyle,"159,90","167,90",1/25/2019,14:19,ewallet,"7,50"
308-39-1707,a,nueva york,normal,female,fashion accessories,"12,09","12,69",1/26/2019,18:19,credit card,"8,20"
149-61-1929,a,nueva york,normal,male,sports and travel,"641,90","674,00",1/19/2019,14:08,credit card,"6,70"
655-07-2265,a,nueva york,normal,male,electronic accessories,"234,93","246,68",03/05/2019,16:38,ewallet,"5,40"
589-02-8023,a,nueva york,member,male,food and beverages,"167,54","175,92",1/15/2019,10:54,credit card,"7,00"
420-04-7590,b,chicago,normal,male,home and lifestyle,"299,10","314,06",3/18/2019,11:29,ewallet,"4,70"
182-88-2763,b,chicago,member,male,food and beverages,"239,73","251,72",3/20/2019,19:28,credit card,"5,00"
188-55-0967,b,chicago,member,male,health and beauty,"664,70","697,94",1/15/2019,15:01,credit card,"5,00"
610-46-4100,a,nueva york,normal,male,health and beauty,"202,65","212,78",03/03/2019,20:31,credit card,"6,00"
318-81-2368,c,houston,normal,female,electronic accessories,"46,20","48,51",3/19/2019,12:16,cash,"6,30"
364-33-8584,b,chicago,member,female,food and beverages,"88,15","92,56",03/08/2019,15:27,cash,"8,50"
665-63-9737,b,chicago,normal,male,fashion accessories,"157,26","165,12",2/27/2019,17:36,ewallet,"7,50"
695-09-5146,b,chicago,member,female,food and beverages,"296,37","311,19",2/23/2019,20:00,ewallet,"6,40"
155-45-3814,c,houston,member,female,electronic accessories,"708,40","743,82",3/19/2019,15:29,ewallet,"4,70"
794-32-2436,b,chicago,member,male,electronic accessories,"111,34","116,91",3/27/2019,15:08,ewallet,"6,00"
131-15-8856,c,houston,member,female,food and beverages,"580,16","609,17",3/30/2019,19:26,credit card,"4,00"
273-84-2164,c,houston,member,male,electronic accessories,"60,25","63,26",2/16/2019,15:53,ewallet,"5,50"
706-36-6154,a,nueva york,member,male,home and lifestyle,"174,24","182,95",1/18/2019,18:43,ewallet,"8,70"
778-89-7974,c,houston,normal,male,health and beauty,"421,26","442,32",3/30/2019,14:58,cash,"7,40"
574-31-8277,b,chicago,member,male,fashion accessories,"33,63","35,31",3/20/2019,19:55,cash,"5,60"
859-71-0933,c,houston,member,female,sports and travel,"30,98","32,53",1/16/2019,15:10,cash,"6,30"
740-11-5257,c,houston,normal,male,electronic accessories,"247,40","259,77",2/24/2019,16:44,cash,"7,10"
369-82-2676,b,chicago,normal,male,electronic accessories,"378,30","397,22",1/15/2019,18:22,ewallet,"7,80"
563-47-4072,b,chicago,normal,female,health and beauty,"334,86","351,60",1/22/2019,11:52,cash,"9,90"
742-04-5161,a,nueva york,member,male,home and lifestyle,"727,80","764,19",02/03/2019,17:24,cash,"7,30"
149-15-7606,b,chicago,member,male,sports and travel,"335,88","352,67",03/06/2019,15:31,ewallet,"5,10"
133-77-3154,b,chicago,member,male,fashion accessories,"240,72","252,76",2/16/2019,18:04,credit card,"9,40"
169-52-4504,a,nueva york,normal,female,electronic accessories,"47,07","49,42",3/14/2019,14:13,credit card,"5,80"
250-81-7186,c,houston,normal,female,electronic accessories,"99,69","104,67",2/27/2019,10:23,credit card,"8,00"
562-12-5430,a,nueva york,member,female,fashion accessories,"264,45","277,67",1/18/2019,10:11,ewallet,"7,90"
816-72-8853,a,nueva york,member,female,sports and travel,"139,65","146,63",1/29/2019,15:48,cash,"5,90"
491-38-3499,a,nueva york,member,male,fashion accessories,"55,45","58,22",2/26/2019,17:46,credit card,"4,90"
322-02-2271,b,chicago,normal,female,sports and travel,"128,91","135,36",02/03/2019,11:46,cash,"9,30"
842-29-4695,c,houston,member,male,sports and travel,"119,98","125,98",1/16/2019,12:07,credit card,"7,90"
725-67-2480,b,chicago,member,female,fashion accessories,"352,50","370,13",3/24/2019,18:14,credit card,"5,90"
641-51-2661,c,houston,member,female,food and beverages,"871,00","914,55",02/12/2019,14:45,credit card,"9,90"
714-02-3114,c,houston,normal,female,sports and travel,"197,60","207,48",2/21/2019,11:39,cash,"7,70"
518-17-2983,a,nueva york,normal,female,fashion accessories,"194,52","204,25",02/04/2019,15:44,ewallet,"7,60"
779-42-2410,b,chicago,member,male,food and beverages,"173,22","181,88",2/20/2019,13:06,ewallet,"7,70"
190-14-3147,b,chicago,normal,female,health and beauty,"71,88","75,47",2/23/2019,20:43,ewallet,"6,40"
408-66-6712,c,houston,member,female,health and beauty,"286,26","300,57",2/16/2019,14:19,ewallet,"4,40"
679-22-6530,b,chicago,normal,female,sports and travel,"81,24","85,30",1/17/2019,10:01,credit card,"4,10"
588-47-8641,a,nueva york,member,male,fashion accessories,"560,40","588,42",1/14/2019,19:30,ewallet,"4,40"
642-61-4706,b,chicago,member,male,food and beverages,"186,80","196,14",3/30/2019,16:34,cash,"5,50"
576-31-4774,b,chicago,normal,female,health and beauty,"220,23","231,24",03/02/2019,13:10,ewallet,"4,00"
556-41-6224,c,houston,normal,male,health and beauty,"269,12","282,58",2/15/2019,17:10,credit card,"9,30"
811-03-8790,a,nueva york,normal,female,electronic accessories,"454,80","477,54",03/01/2019,10:22,credit card,"4,80"
242-11-3142,b,chicago,member,male,fashion accessories,"167,54","175,92",2/24/2019,19:57,cash,"4,60"
752-23-3760,b,chicago,member,female,sports and travel,"448,56","470,99",2/19/2019,19:29,credit card,"7,30"
274-05-5470,a,nueva york,member,female,food and beverages,"293,88","308,57",2/23/2019,18:30,cash,"6,00"
648-94-3045,c,houston,normal,male,health and beauty,"589,50","618,98",02/07/2019,14:27,ewallet,"8,10"
130-67-4723,a,nueva york,member,male,food and beverages,"291,00","305,55",01/11/2019,13:57,ewallet,"9,40"
528-87-5606,b,chicago,member,female,electronic accessories,"39,48","41,45",02/12/2019,19:43,cash,"6,50"
320-85-2052,b,chicago,normal,female,sports and travel,"34,81","36,55",1/14/2019,10:11,credit card,"7,00"
370-96-0655,c,houston,normal,female,fashion accessories,"295,92","310,72",01/09/2019,13:46,ewallet,"7,10"
105-10-6182,a,nueva york,member,male,fashion accessories,"42,96","45,11",2/27/2019,12:22,ewallet,"6,60"
510-79-0415,b,chicago,member,female,sports and travel,"138,48","145,40",1/24/2019,19:20,ewallet,"4,90"
241-96-5076,b,chicago,member,female,home and lifestyle,"98,20","103,11",01/08/2019,12:58,credit card,"6,40"
767-97-4650,b,chicago,member,female,sports and travel,"129,66","136,14",01/08/2019,11:59,credit card,"8,00"
648-83-1321,a,nueva york,member,male,home and lifestyle,"635,60","667,38",1/16/2019,17:59,cash,"4,30"
173-57-2300,c,houston,member,male,sports and travel,"145,76","153,05",3/13/2019,12:51,cash,"6,10"
305-03-2383,a,nueva york,normal,female,food and beverages,"201,30","211,37",2/15/2019,10:36,cash,"7,50"
394-55-6384,c,houston,member,female,sports and travel,"631,71","663,30",1/25/2019,13:38,cash,"6,70"
266-20-6657,c,houston,member,male,food and beverages,"385,28","404,54",03/12/2019,19:39,ewallet,"5,20"
689-05-1884,a,nueva york,member,male,health and beauty,"486,30","510,62",03/04/2019,12:44,cash,"8,80"
196-01-2849,c,houston,member,female,fashion accessories,"513,66","539,34",02/10/2019,13:56,cash,"9,50"
372-62-5264,c,houston,normal,female,food and beverages,"473,40","497,07",1/16/2019,14:42,cash,"7,60"
800-09-8606,a,nueva york,member,female,home and lifestyle,"436,85","458,69",1/29/2019,19:45,cash,"6,60"
182-52-7000,a,nueva york,member,female,sports and travel,"108,16","113,57",01/01/2019,20:26,ewallet,"6,90"
826-58-8051,b,chicago,normal,male,home and lifestyle,"248,76","261,20",01/06/2019,19:46,ewallet,"4,30"
868-06-0466,a,nueva york,member,male,electronic accessories,"626,22","657,53",2/19/2019,19:38,credit card,"7,80"
751-41-9720,c,houston,normal,male,home and lifestyle,"975,00","1.023,75",01/12/2019,16:18,ewallet,"8,00"
626-43-7888,c,houston,normal,female,fashion accessories,"483,28","507,44",02/07/2019,12:23,ewallet,"9,60"
176-64-7711,b,chicago,normal,male,food and beverages,"96,96","101,81",3/27/2019,19:11,credit card,"4,30"
191-29-0321,b,chicago,member,female,fashion accessories,"197,70","207,59",2/27/2019,18:57,credit card,"5,00"
729-06-2010,b,chicago,member,male,health and beauty,"724,23","760,44",01/06/2019,11:18,cash,"9,20"
640-48-5028,b,chicago,member,female,home and lifestyle,"795,51","835,29",03/02/2019,12:40,cash,"6,30"
186-79-9562,b,chicago,normal,male,health and beauty,"502,39","527,51",3/29/2019,14:06,cash,"8,90"
834-45-5519,b,chicago,normal,female,electronic accessories,"172,00","180,60",1/31/2019,20:48,ewallet,"7,60"
162-65-8559,c,houston,member,male,food and beverages,"68,98","72,43",1/21/2019,20:13,cash,"4,80"
760-27-5490,c,houston,normal,male,fashion accessories,"124,96","131,21",1/20/2019,20:37,ewallet,"9,10"
445-30-9252,a,nueva york,normal,male,sports and travel,"77,10","80,96",1/17/2019,17:59,ewallet,"6,10"
786-94-2700,a,nueva york,member,male,food and beverages,"483,72","507,91",2/28/2019,20:18,cash,"9,10"
728-88-7867,c,houston,member,female,home and lifestyle,"302,12","317,23",3/19/2019,15:52,ewallet,"8,30"
183-21-3799,c,houston,normal,female,electronic accessories,"698,67","733,60",2/19/2019,15:14,ewallet,"7,20"
268-20-3585,c,houston,normal,female,health and beauty,"124,65","130,88",02/04/2019,12:50,ewallet,"6,00"
735-32-9839,c,houston,member,male,fashion accessories,"789,60","829,08",1/31/2019,10:36,ewallet,"8,50"
258-92-7466,a,nueva york,normal,female,health and beauty,"178,40","187,32",02/06/2019,18:33,credit card,"6,60"
857-16-3520,a,nueva york,member,female,fashion accessories,"500,22","525,23",3/28/2019,16:06,ewallet,"4,50"
482-17-1179,a,nueva york,member,male,electronic accessories,"35,82","37,61",1/19/2019,12:47,credit card,"8,10"
788-21-5741,a,nueva york,normal,male,fashion accessories,"136,14","142,95",2/17/2019,13:34,credit card,"7,20"
821-14-9046,b,chicago,member,female,fashion accessories,"104,88","110,12",1/18/2019,15:04,credit card,"6,10"
418-05-0656,b,chicago,normal,female,fashion accessories,"178,92","187,87",02/02/2019,20:42,cash,"7,10"
678-79-0726,c,houston,member,female,sports and travel,"815,67","856,45",1/18/2019,15:28,cash,"5,10"
776-68-1096,b,chicago,normal,male,home and lifestyle,"132,36","138,98",3/18/2019,13:45,credit card,"7,90"
592-46-1692,c,houston,member,female,food and beverages,"257,39","270,26",01/11/2019,20:10,cash,"7,40"
434-35-9162,b,chicago,member,male,food and beverages,"93,36","98,03",02/04/2019,18:53,ewallet,"7,40"
149-14-0304,c,houston,member,female,health and beauty,"228,00","239,40",02/06/2019,14:24,cash,"6,60"
442-44-6497,c,houston,member,male,home and lifestyle,"166,71","175,05",01/08/2019,11:42,credit card,"5,90"
174-64-0215,b,chicago,normal,male,sports and travel,"697,40","732,27",03/05/2019,17:49,credit card,"8,90"
210-74-9613,c,houston,normal,male,fashion accessories,"389,04","408,49",3/16/2019,15:33,ewallet,"6,80"
299-29-0180,b,chicago,member,female,home and lifestyle,"365,26","383,52",03/09/2019,10:54,cash,"9,30"
247-11-2470,a,nueva york,member,female,fashion accessories,"89,28","93,74",03/01/2019,16:23,credit card,"4,40"
635-28-5728,a,nueva york,normal,male,health and beauty,"168,00","176,40",2/28/2019,19:33,ewallet,"4,80"
756-49-0168,a,nueva york,member,male,fashion accessories,"19,70","20,69",02/08/2019,11:39,ewallet,"9,50"
438-23-1242,b,chicago,normal,male,electronic accessories,"531,16","557,72",1/24/2019,10:38,ewallet,"8,90"
238-45-6950,b,chicago,member,male,food and beverages,"53,72","56,41",03/01/2019,20:03,ewallet,"6,40"
607-65-2441,c,houston,member,male,health and beauty,"819,50","860,48",03/10/2019,12:39,credit card,"6,00"
386-27-7606,c,houston,member,female,home and lifestyle,"568,40","596,82",3/23/2019,15:59,credit card,"8,10"
137-63-5492,c,houston,normal,male,electronic accessories,"587,60","616,98",1/29/2019,14:26,ewallet,"9,00"
197-77-7132,b,chicago,member,male,electronic accessories,"732,48","769,10",01/12/2019,18:22,ewallet,"6,00"
805-86-0265,a,nueva york,normal,male,home and lifestyle,"845,64","887,92",3/20/2019,11:32,cash,"9,80"
733-29-1227,c,houston,normal,male,home and lifestyle,"389,27","408,73",3/23/2019,12:41,cash,"8,50"
451-73-2711,c,houston,normal,male,food and beverages,"84,83","89,07",1/14/2019,15:20,ewallet,"8,80"
373-14-0504,a,nueva york,member,female,sports and travel,"143,26","150,42",02/12/2019,14:33,ewallet,"8,80"
546-80-2899,a,nueva york,member,male,home and lifestyle,"75,38","79,15",2/20/2019,15:29,ewallet,"9,50"
345-68-9016,c,houston,member,female,sports and travel,"253,36","266,03",01/02/2019,16:19,credit card,"5,60"
390-17-5806,c,houston,member,female,food and beverages,"38,42","40,34",02/02/2019,16:33,cash,"8,60"
457-13-1708,b,chicago,member,male,fashion accessories,"652,30","684,92",01/08/2019,19:07,credit card,"5,20"
664-14-2882,c,houston,member,female,home and lifestyle,"52,65","55,28",1/30/2019,14:43,credit card,"5,80"
487-79-6868,b,chicago,member,female,home and lifestyle,"110,61","116,14",3/26/2019,19:28,credit card,"8,00"
314-23-4520,c,houston,member,male,health and beauty,"568,61","597,04",1/15/2019,20:44,cash,"9,00"
210-30-7976,b,chicago,member,female,fashion accessories,"89,28","93,74",3/14/2019,11:16,ewallet,"4,10"
585-86-8361,a,nueva york,normal,female,food and beverages,"136,40","143,22",02/03/2019,10:31,credit card,"8,60"
807-14-7833,a,nueva york,member,female,electronic accessories,"174,20","182,91",2/22/2019,12:30,ewallet,"7,00"
775-72-1988,b,chicago,normal,male,home and lifestyle,"366,40","384,72",1/24/2019,15:05,ewallet,"8,40"
288-38-3758,c,houston,member,female,fashion accessories,"254,61","267,34",1/25/2019,18:30,ewallet,"7,40"
652-43-6591,a,nueva york,normal,female,fashion accessories,"778,32","817,24",03/09/2019,13:18,credit card,"6,20"
785-96-0615,b,chicago,member,female,electronic accessories,"285,92","300,22",2/17/2019,15:28,ewallet,"4,90"
406-46-7107,a,nueva york,normal,female,home and lifestyle,"579,12","608,08",01/11/2019,11:52,cash,"4,50"
250-17-5703,a,nueva york,member,male,food and beverages,"188,50","197,93",2/27/2019,18:24,ewallet,"5,60"
156-95-3964,a,nueva york,normal,female,food and beverages,"221,56","232,64",3/25/2019,15:19,ewallet,"8,00"
842-40-8179,b,chicago,member,female,food and beverages,"772,00","810,60",02/11/2019,10:38,credit card,"5,60"
525-09-8450,b,chicago,normal,male,electronic accessories,"721,30","757,37",1/31/2019,15:12,credit card,"4,20"
410-67-1709,a,nueva york,member,female,fashion accessories,"511,04","536,59",1/20/2019,17:48,ewallet,"9,90"
587-73-4862,a,nueva york,member,female,health and beauty,"53,45","56,12",3/26/2019,11:07,ewallet,"7,60"
787-87-2010,a,nueva york,member,male,health and beauty,"222,00","233,10",1/20/2019,15:48,credit card,"6,60"
593-14-4239,b,chicago,normal,female,home and lifestyle,"763,68","801,86",03/05/2019,19:40,ewallet,"4,70"
801-88-0346,c,houston,normal,female,fashion accessories,"228,18","239,59",01/05/2019,20:30,credit card,"9,80"
388-76-2555,b,chicago,normal,male,sports and travel,"82,14","86,25",2/13/2019,13:59,cash,"6,30"
711-31-1234,b,chicago,normal,female,electronic accessories,"382,56","401,69",3/16/2019,18:51,cash,"7,90"
886-54-6089,a,nueva york,normal,female,home and lifestyle,"68,58","72,01",1/15/2019,17:24,cash,"7,70"
707-32-7409,b,chicago,member,female,sports and travel,"382,16","401,27",2/26/2019,11:58,ewallet,"4,50"
759-98-4285,c,houston,member,female,health and beauty,"601,09","631,14",2/27/2019,19:01,credit card,"8,00"
201-63-8275,c,houston,member,female,sports and travel,"475,93","499,73",2/17/2019,16:50,ewallet,"5,70"
471-06-8611,c,houston,normal,female,food and beverages,"52,42","55,04",02/06/2019,10:22,credit card,"6,30"
200-16-5952,c,houston,member,male,food and beverages,"131,30","137,87",1/17/2019,16:46,cash,"6,00"
120-54-2248,b,chicago,normal,female,food and beverages,"144,30","151,52",1/22/2019,18:08,credit card,"8,00"
102-77-2261,c,houston,member,male,health and beauty,"457,17","480,03",03/05/2019,18:02,credit card,"4,20"
875-31-8302,b,chicago,normal,male,sports and travel,"93,38","98,05",01/03/2019,13:07,cash,"9,60"
102-06-2002,c,houston,member,male,sports and travel,"126,25","132,56",3/20/2019,17:52,cash,"6,10"
457-94-0464,b,chicago,member,male,electronic accessories,"790,83","830,37",1/31/2019,20:32,ewallet,"5,60"
629-42-4133,c,houston,normal,male,health and beauty,"174,40","183,12",2/19/2019,19:24,cash,"8,30"
534-53-3526,a,nueva york,normal,female,sports and travel,"379,04","397,99",02/11/2019,16:06,ewallet,"7,80"
307-04-2070,a,nueva york,member,female,fashion accessories,"30,62","32,15",02/05/2019,14:14,credit card,"4,10"
468-99-7231,c,houston,normal,female,home and lifestyle,"352,08","369,68",03/03/2019,17:36,cash,"8,80"
516-77-6464,c,houston,member,female,health and beauty,"50,80","53,34",2/24/2019,13:08,ewallet,"4,10"
404-91-5964,a,nueva york,normal,male,electronic accessories,"522,06","548,16",02/04/2019,16:09,credit card,"9,00"
886-77-9084,c,houston,normal,male,electronic accessories,"575,12","603,88",2/19/2019,11:33,ewallet,"5,50"
790-38-4466,c,houston,normal,female,health and beauty,"54,95","57,70",1/23/2019,10:18,credit card,"9,30"
704-10-4056,c,houston,member,male,health and beauty,"181,41","190,48",1/14/2019,10:55,credit card,"5,60"
497-37-6538,a,nueva york,normal,male,sports and travel,"412,37","432,99",1/17/2019,15:15,ewallet,"9,70"
651-96-5970,a,nueva york,normal,male,fashion accessories,"46,41","48,73",03/03/2019,20:06,credit card,"4,00"
400-80-4065,c,houston,member,male,health and beauty,"274,20","287,91",2/15/2019,20:21,credit card,"9,20"
744-16-7898,b,chicago,normal,female,home and lifestyle,"973,70","1.022,39",1/15/2019,13:48,credit card,"4,90"
263-12-5321,a,nueva york,member,male,electronic accessories,"648,20","680,61",2/27/2019,12:52,credit card,"9,30"
702-72-0487,a,nueva york,normal,female,electronic accessories,"93,22","97,88",2/26/2019,12:28,credit card,"6,60"
605-83-1050,b,chicago,normal,male,fashion accessories,"54,36","57,08",3/15/2019,16:26,ewallet,"4,30"
443-60-9639,c,houston,member,female,home and lifestyle,"60,87","63,91",1/24/2019,13:24,cash,"5,50"
864-24-7918,a,nueva york,member,female,sports and travel,"244,90","257,15",2/22/2019,15:15,cash,"8,10"
359-94-5395,b,chicago,normal,male,health and beauty,"92,78","97,42",3/15/2019,10:50,credit card,"9,80"
401-09-4232,c,houston,member,male,home and lifestyle,"433,45","455,12",02/11/2019,18:38,ewallet,"9,40"
751-15-6198,b,chicago,normal,male,sports and travel,"138,06","144,96",01/12/2019,16:45,ewallet,"7,90"
324-41-6833,c,houston,member,female,electronic accessories,"241,60","253,68",03/03/2019,19:30,ewallet,"5,10"
474-33-8305,c,houston,member,male,fashion accessories,"471,73","495,32",3/23/2019,13:23,ewallet,"6,90"
759-29-9521,a,nueva york,member,female,fashion accessories,"440,64","462,67",03/04/2019,11:27,cash,"8,00"
831-81-6575,b,chicago,member,female,electronic accessories,"680,31","714,33",2/23/2019,11:12,cash,"8,00"
220-68-6701,a,nueva york,normal,female,home and lifestyle,"309,88","325,37",3/17/2019,16:36,cash,"4,20"
618-34-8551,a,nueva york,normal,female,sports and travel,"186,36","195,68",1/16/2019,18:41,credit card,"8,50"
257-60-7754,a,nueva york,normal,female,electronic accessories,"200,92","210,97",01/08/2019,17:12,cash,"9,00"
559-61-5987,b,chicago,normal,female,health and beauty,"17,75","18,64",1/14/2019,10:38,cash,"8,60"
189-55-2313,c,houston,normal,female,fashion accessories,"621,80","652,89",1/31/2019,10:33,ewallet,"6,00"
565-91-4567,b,chicago,normal,male,health and beauty,"86,00","90,30",3/15/2019,14:38,ewallet,"6,20"
380-60-5336,a,nueva york,normal,female,electronic accessories,"402,60","422,73",2/24/2019,18:06,credit card,"5,00"
815-04-6282,c,houston,member,female,sports and travel,"324,85","341,09",02/08/2019,12:52,credit card,"6,50"
674-56-6360,a,nueva york,normal,male,electronic accessories,"95,15","99,91",3/22/2019,14:00,cash,"6,00"
778-34-2523,a,nueva york,member,female,electronic accessories,"388,96","408,41",1/24/2019,10:57,cash,"5,00"
499-27-7781,b,chicago,normal,female,food and beverages,"425,68","446,96",3/14/2019,16:45,ewallet,"5,00"
477-59-2456,c,houston,normal,female,fashion accessories,"318,08","333,98",1/23/2019,11:15,cash,"9,20"
832-51-6761,a,nueva york,normal,male,food and beverages,"271,04","284,59",1/19/2019,20:29,ewallet,"9,60"
869-11-3082,b,chicago,member,male,health and beauty,"384,64","403,87",1/27/2019,20:03,credit card,"8,40"
190-59-3964,b,chicago,member,male,food and beverages,"235,80","247,59",02/03/2019,14:35,credit card,"6,00"
366-43-6862,b,chicago,normal,male,electronic accessories,"211,56","222,14",3/25/2019,16:32,ewallet,"6,70"
186-43-8965,a,nueva york,member,female,home and lifestyle,"95,36","100,13",2/24/2019,10:10,credit card,"4,10"
784-21-9238,c,houston,member,male,sports and travel,"10,17","10,68",02/07/2019,14:15,cash,"5,90"
276-75-6884,a,nueva york,normal,female,health and beauty,"206,13","216,44",03/04/2019,10:05,cash,"8,70"
109-86-4363,b,chicago,member,female,sports and travel,"420,56","441,59",2/14/2019,11:36,credit card,"4,50"
569-76-2760,a,nueva york,member,female,sports and travel,"88,04","92,44",1/29/2019,18:15,credit card,"6,60"
222-42-0244,b,chicago,member,female,health and beauty,"648,99","681,44",1/28/2019,13:53,credit card,"7,70"
760-53-9233,a,nueva york,member,male,fashion accessories,"123,84","130,03",3/26/2019,18:37,credit card,"8,50"
538-22-0304,c,houston,normal,male,electronic accessories,"649,50","681,98",3/24/2019,18:27,cash,"5,20"
416-17-9926,a,nueva york,member,female,electronic accessories,"742,20","779,31",01/01/2019,14:42,credit card,"4,30"
237-44-6163,a,nueva york,normal,male,electronic accessories,"84,48","88,70",1/24/2019,17:43,cash,"7,60"
636-17-0325,b,chicago,normal,male,health and beauty,"250,28","262,79",2/25/2019,18:37,cash,"9,50"
343-75-9322,b,chicago,member,female,sports and travel,"94,80","99,54",01/09/2019,16:34,cash,"4,10"
528-14-9470,a,nueva york,member,male,health and beauty,"91,30","95,87",2/14/2019,14:42,ewallet,"9,20"
427-45-9297,b,chicago,member,female,home and lifestyle,"285,11","299,37",03/12/2019,11:01,ewallet,"5,40"
807-34-3742,a,nueva york,normal,male,fashion accessories,"52,38","55,00",3/26/2019,19:44,cash,"5,80"
288-62-1085,a,nueva york,member,male,fashion accessories,"192,70","202,34",01/09/2019,13:34,ewallet,"5,60"
670-71-7306,b,chicago,normal,male,sports and travel,"267,78","281,17",01/02/2019,20:08,credit card,"5,10"
660-29-7083,c,houston,normal,male,electronic accessories,"558,70","586,64",1/15/2019,15:01,cash,"5,80"
271-77-8740,c,houston,member,female,sports and travel,"175,32","184,09",01/01/2019,11:40,ewallet,"5,00"
497-36-0989,a,nueva york,normal,male,fashion accessories,"155,82","163,61",2/15/2019,15:21,cash,"7,90"
291-59-1384,b,chicago,normal,male,electronic accessories,"60,30","63,32",2/28/2019,17:38,cash,"6,00"
860-73-6466,a,nueva york,member,female,sports and travel,"78,94","82,89",03/02/2019,16:16,credit card,"5,00"
549-23-9016,c,houston,member,female,food and beverages,"29,74","31,23",2/13/2019,18:15,credit card,"8,90"
896-34-0956,a,nueva york,normal,male,fashion accessories,"21,32","22,39",1/26/2019,12:43,cash,"5,90"
804-38-3935,a,nueva york,member,male,electronic accessories,"281,34","295,41",1/30/2019,11:32,credit card,"5,90"
585-90-0249,a,nueva york,member,male,electronic accessories,"73,26","76,92",1/27/2019,18:08,ewallet,"9,70"
862-29-5914,c,houston,normal,female,sports and travel,"22,38","23,50",1/30/2019,17:08,credit card,"8,60"
845-94-6841,c,houston,member,female,food and beverages,"655,92","688,72",01/08/2019,19:38,cash,"4,00"
125-45-2293,a,nueva york,normal,female,fashion accessories,"594,60","624,33",1/19/2019,13:11,cash,"4,20"
843-73-4724,a,nueva york,normal,male,fashion accessories,"74,10","77,81",1/25/2019,11:05,cash,"9,20"
409-33-9708,a,nueva york,normal,female,fashion accessories,"196,96","206,81",2/19/2019,10:12,ewallet,"9,20"
658-66-3967,c,houston,normal,male,health and beauty,"372,33","390,95",1/14/2019,15:42,ewallet,"5,00"
866-70-2814,b,chicago,normal,female,electronic accessories,"527,90","554,30",2/25/2019,11:58,ewallet,"10,00"
160-22-2687,a,nueva york,member,female,health and beauty,"479,75","503,74",1/23/2019,14:21,ewallet,"8,80"
895-03-6665,b,chicago,normal,female,fashion accessories,"328,59","345,02",2/16/2019,10:52,cash,"4,20"
770-42-8960,b,chicago,normal,male,food and beverages,"168,96","177,41",01/01/2019,19:31,cash,"6,30"
748-45-2862,a,nueva york,member,female,home and lifestyle,"113,24","118,90",03/07/2019,18:35,cash,"8,20"
234-36-2483,b,chicago,normal,male,health and beauty,"345,54","362,82",2/15/2019,13:51,cash,"5,10"
316-66-3011,a,nueva york,member,female,food and beverages,"428,67","450,10",1/23/2019,12:35,cash,"5,00"
848-95-6252,c,houston,member,female,home and lifestyle,"86,27","90,58",2/20/2019,13:24,ewallet,"7,00"
840-76-5966,a,nueva york,member,male,sports and travel,"25,52","26,80",01/08/2019,18:06,ewallet,"7,80"
152-03-4217,b,chicago,normal,female,home and lifestyle,"101,52","106,60",3/17/2019,11:55,credit card,"4,30"
533-66-5566,b,chicago,normal,female,home and lifestyle,"357,49","375,36",01/12/2019,11:42,cash,"7,00"
124-31-1458,a,nueva york,member,female,electronic accessories,"238,77","250,71",01/08/2019,14:30,cash,"6,60"
176-78-1170,c,houston,member,male,health and beauty,"101,43","106,50",1/26/2019,15:11,ewallet,"7,30"
361-59-0574,b,chicago,member,male,sports and travel,"724,24","760,45",3/15/2019,14:48,credit card,"6,50"
101-81-4070,c,houston,member,female,health and beauty,"125,64","131,92",1/17/2019,12:36,ewallet,"4,90"
631-34-1880,c,houston,member,male,food and beverages,"72,93","76,58",01/08/2019,19:09,credit card,"4,30"
852-82-2749,a,nueva york,normal,male,sports and travel,"258,36","271,28",01/06/2019,13:35,ewallet,"9,30"
873-14-6353,a,nueva york,member,male,food and beverages,"173,74","182,43",2/16/2019,10:33,credit card,"7,10"
584-66-4073,c,houston,normal,male,fashion accessories,"56,50","59,33",3/13/2019,15:45,ewallet,"9,60"
544-55-9589,b,chicago,member,female,electronic accessories,"214,30","225,02",1/28/2019,11:51,cash,"6,20"
166-19-2553,a,nueva york,member,male,sports and travel,"534,36","561,08",1/18/2019,17:26,cash,"9,90"
737-88-5876,a,nueva york,member,male,home and lifestyle,"93,16","97,82",3/19/2019,11:52,credit card,"5,90"
154-87-7367,c,houston,normal,male,home and lifestyle,"522,08","548,18",3/15/2019,14:04,ewallet,"6,30"
885-56-0389,c,houston,member,male,fashion accessories,"52,35","54,97",02/12/2019,17:49,cash,"4,00"
608-05-3804,b,chicago,member,male,electronic accessories,"39,75","41,74",2/25/2019,20:19,cash,"6,10"
448-61-3783,a,nueva york,normal,female,electronic accessories,"720,16","756,17",3/21/2019,16:08,credit card,"4,50"
761-49-0439,b,chicago,member,female,electronic accessories,"96,80","101,64",1/19/2019,10:17,ewallet,"8,60"
490-95-0021,b,chicago,member,female,food and beverages,"332,10","348,71",01/08/2019,14:25,ewallet,"6,00"
115-38-7388,c,houston,member,female,fashion accessories,"81,44","85,51",3/30/2019,12:51,credit card,"9,50"
311-13-6971,b,chicago,member,male,sports and travel,"319,90","335,90",2/20/2019,15:18,credit card,"9,90"
291-55-6563,a,nueva york,member,female,home and lifestyle,"206,52","216,85",3/30/2019,12:45,ewallet,"7,50"
548-48-3156,a,nueva york,member,female,food and beverages,"166,68","175,01",3/19/2019,13:37,cash,"7,60"
460-93-5834,a,nueva york,normal,male,sports and travel,"319,06","335,01",1/13/2019,10:03,cash,"5,00"
325-89-4209,a,nueva york,member,male,food and beverages,"87,90","92,30",02/05/2019,19:42,ewallet,"6,70"
884-80-6021,a,nueva york,member,female,electronic accessories,"734,70","771,44",3/23/2019,13:14,ewallet,"9,50"
137-74-8729,c,houston,normal,female,fashion accessories,"97,52","102,40",3/13/2019,12:47,ewallet,"6,80"
880-46-5796,a,nueva york,member,male,sports and travel,"769,20","807,66",3/17/2019,19:53,ewallet,"5,60"
389-70-2397,c,houston,normal,female,health and beauty,"418,30","439,22",2/21/2019,10:26,cash,"7,20"
114-35-5271,b,chicago,normal,female,electronic accessories,"463,28","486,44",02/07/2019,15:06,cash,"8,10"
607-76-6216,c,houston,member,female,fashion accessories,"462,45","485,57",03/02/2019,16:35,credit card,"8,60"
715-20-1673,b,chicago,normal,male,electronic accessories,"141,90","149,00",03/06/2019,20:57,cash,"9,40"
811-35-1094,b,chicago,member,male,electronic accessories,"302,70","317,84",02/06/2019,15:16,credit card,"8,90"
699-88-1972,b,chicago,normal,male,health and beauty,"793,28","832,94",1/28/2019,17:47,credit card,"4,20"
781-84-8059,c,houston,normal,male,fashion accessories,"425,18","446,44",1/18/2019,16:23,ewallet,"5,00"
409-49-6995,c,houston,member,female,food and beverages,"283,62","297,80",02/05/2019,10:17,cash,"8,80"
725-54-0677,c,houston,member,male,health and beauty,"599,20","629,16",03/02/2019,13:50,cash,"5,30"
146-09-5432,a,nueva york,member,male,food and beverages,"315,36","331,13",02/09/2019,19:17,ewallet,"4,60"
377-79-7592,c,houston,member,female,electronic accessories,"403,56","423,74",1/14/2019,14:00,credit card,"7,50"
509-10-0516,b,chicago,normal,male,home and lifestyle,"183,88","193,07",02/09/2019,12:02,ewallet,"5,10"
595-94-9924,a,nueva york,member,female,health and beauty,"138,65","145,58",3/26/2019,20:21,credit card,"4,20"
865-41-9075,a,nueva york,normal,male,food and beverages,"80,71","84,75",1/28/2019,17:35,cash,"8,10"
545-07-8534,c,houston,normal,female,health and beauty,"116,64","122,47",2/14/2019,12:42,ewallet,"6,00"
118-62-1812,c,houston,member,female,home and lifestyle,"313,52","329,20",3/24/2019,17:56,cash,"7,90"
450-42-3339,c,houston,normal,male,health and beauty,"846,10","888,41",02/09/2019,18:58,credit card,"8,80"
851-98-3555,b,chicago,normal,female,health and beauty,"414,40","435,12",3/24/2019,14:08,credit card,"6,60"
186-71-5196,a,nueva york,member,female,food and beverages,"159,08","167,03",3/27/2019,16:30,ewallet,"6,20"
624-01-8356,b,chicago,normal,female,home and lifestyle,"490,10","514,61",1/27/2019,10:44,credit card,"4,20"
313-66-9943,b,chicago,member,female,food and beverages,"87,45","91,82",3/27/2019,20:29,credit card,"7,30"
151-27-8496,c,houston,normal,female,electronic accessories,"224,52","235,75",1/19/2019,11:43,ewallet,"8,60"
453-33-6436,a,nueva york,normal,female,home and lifestyle,"744,96","782,21",02/07/2019,10:09,cash,"6,80"
522-57-8364,a,nueva york,member,male,fashion accessories,"410,72","431,26",1/31/2019,10:00,ewallet,"7,60"
459-45-2396,a,nueva york,member,female,food and beverages,"298,80","313,74",2/25/2019,18:45,cash,"5,80"
717-96-4189,c,houston,normal,female,electronic accessories,"212,94","223,59",02/02/2019,12:40,cash,"4,10"
722-13-2115,c,houston,member,male,sports and travel,"42,85","44,99",3/14/2019,15:36,credit card,"9,30"
749-81-8133,a,nueva york,normal,female,fashion accessories,"378,68","397,61",03/11/2019,12:04,cash,"6,80"
777-67-2495,b,chicago,normal,male,home and lifestyle,"206,91","217,26",2/22/2019,11:26,ewallet,"8,70"
636-98-3364,b,chicago,member,female,electronic accessories,"78,78","82,72",03/02/2019,12:36,ewallet,"6,30"
246-55-6923,c,houston,member,female,home and lifestyle,"322,11","338,22",03/10/2019,15:06,credit card,"5,10"
181-82-6255,b,chicago,normal,female,home and lifestyle,"98,22","103,13",02/08/2019,10:58,cash,"7,00"
838-02-1821,c,houston,member,female,home and lifestyle,"25,46","26,73",2/22/2019,12:10,credit card,"5,20"
887-42-0517,c,houston,normal,female,sports and travel,"581,98","611,08",01/10/2019,10:31,credit card,"6,60"
457-12-0244,c,houston,member,female,sports and travel,"211,32","221,89",3/14/2019,13:49,ewallet,"6,50"
226-34-0034,b,chicago,normal,female,electronic accessories,"55,12","57,88",01/10/2019,11:10,ewallet,"9,00"
321-49-7382,b,chicago,member,male,sports and travel,"88,31","92,73",2/15/2019,17:38,credit card,"5,20"
397-25-8725,a,nueva york,member,female,health and beauty,"356,58","374,41",1/13/2019,17:54,credit card,"6,80"
431-66-2305,b,chicago,normal,female,electronic accessories,"794,25","833,96",2/15/2019,20:51,credit card,"7,60"
825-94-5922,b,chicago,normal,male,sports and travel,"50,62","53,15",03/02/2019,19:26,ewallet,"7,20"
641-62-7288,b,chicago,normal,male,home and lifestyle,"599,52","629,50",3/24/2019,13:33,ewallet,"7,10"
756-93-1854,c,houston,member,female,fashion accessories,"166,70","175,04",02/02/2019,14:05,credit card,"9,50"
243-55-8457,a,nueva york,normal,female,food and beverages,"744,40","781,62",2/27/2019,11:40,ewallet,"5,10"
458-10-8612,c,houston,normal,male,health and beauty,"448,56","470,99",1/20/2019,12:27,ewallet,"7,60"
501-61-1753,b,chicago,normal,female,home and lifestyle,"378,90","397,85",01/03/2019,20:24,ewallet,"9,80"
235-06-8510,c,houston,member,male,home and lifestyle,"257,16","270,02",1/24/2019,20:59,ewallet,"5,10"
433-08-7822,c,houston,normal,female,health and beauty,"552,23","579,84",01/05/2019,19:48,ewallet,"7,50"
361-85-2571,a,nueva york,normal,female,sports and travel,"447,40","469,77",3/30/2019,10:18,cash,"7,40"
131-70-8179,a,nueva york,member,female,health and beauty,"276,27","290,08",2/17/2019,16:27,cash,"4,20"
500-02-2261,c,houston,normal,female,food and beverages,"343,74","360,93",3/21/2019,17:04,ewallet,"5,90"
720-72-2436,a,nueva york,normal,male,food and beverages,"266,08","279,38",03/02/2019,18:14,ewallet,"6,90"
702-83-5291,c,houston,member,male,fashion accessories,"898,38","943,30",3/27/2019,10:43,cash,"6,60"
809-69-9497,a,nueva york,normal,female,home and lifestyle,"456,80","479,64",1/19/2019,19:30,ewallet,"5,70"
449-16-6770,a,nueva york,normal,male,health and beauty,"253,95","266,65",2/19/2019,14:53,credit card,"5,30"
333-23-2632,a,nueva york,member,male,health and beauty,"70,56","74,09",3/28/2019,20:14,cash,"4,20"
489-82-1237,a,nueva york,normal,female,electronic accessories,"657,16","690,02",01/05/2019,11:51,credit card,"7,30"
859-97-6048,c,houston,member,male,electronic accessories,"168,50","176,93",3/26/2019,14:13,credit card,"5,30"
676-10-2200,b,chicago,member,male,fashion accessories,"53,78","56,47",02/03/2019,20:13,ewallet,"4,70"
373-88-1424,c,houston,member,male,home and lifestyle,"179,05","188,00",02/06/2019,18:44,ewallet,"7,90"
365-16-4334,b,chicago,normal,female,food and beverages,"211,44","222,01",2/24/2019,14:26,ewallet,"8,90"
503-21-4385,b,chicago,member,male,health and beauty,"119,73","125,72",2/21/2019,12:40,ewallet,"9,30"
305-89-2768,b,chicago,member,female,home and lifestyle,"65,70","68,99",01/09/2019,18:43,ewallet,"4,70"
574-80-1489,b,chicago,member,female,food and beverages,"251,40","263,97",2/25/2019,13:22,ewallet,"8,70"
784-08-0310,c,houston,member,female,food and beverages,"84,16","88,37",1/13/2019,13:58,cash,"7,60"
200-40-6154,b,chicago,member,male,home and lifestyle,"395,46","415,23",02/09/2019,11:45,cash,"5,70"
846-10-0341,a,nueva york,normal,female,fashion accessories,"297,99","312,89",01/06/2019,11:51,cash,"6,80"
577-34-7579,c,houston,member,male,food and beverages,"454,41","477,13",01/10/2019,17:16,cash,"5,40"
430-02-3888,b,chicago,normal,male,electronic accessories,"276,12","289,93",02/07/2019,15:55,cash,"7,10"
867-47-1948,c,houston,normal,female,home and lifestyle,"158,00","165,90",01/09/2019,12:07,cash,"7,80"
384-59-6655,a,nueva york,member,female,food and beverages,"887,94","932,34",2/19/2019,15:07,cash,"8,40"
256-58-3609,c,houston,member,male,fashion accessories,"91,98","96,58",3/18/2019,15:29,cash,"9,80"
324-92-3863,a,nueva york,member,male,electronic accessories,"41,78","43,87",02/05/2019,18:45,cash,"9,80"
593-08-5916,a,nueva york,normal,female,fashion accessories,"15,50","16,28",3/19/2019,15:23,credit card,"7,40"
364-34-2972,c,houston,member,male,electronic accessories,"290,46","304,98",3/30/2019,20:37,cash,"6,70"
794-42-3736,b,chicago,normal,male,food and beverages,"66,66","69,99",1/26/2019,14:41,credit card,"6,40"
172-42-8274,b,chicago,normal,female,electronic accessories,"76,54","80,37",03/02/2019,18:18,credit card,"5,80"
558-60-5016,a,nueva york,normal,female,home and lifestyle,"299,70","314,69",03/04/2019,15:27,ewallet,"7,20"
195-06-0432,a,nueva york,member,male,home and lifestyle,"243,03","255,18",1/13/2019,12:55,credit card,"9,30"
605-03-2706,a,nueva york,normal,female,health and beauty,"47,40","49,77",3/25/2019,18:02,cash,"9,50"
214-30-2776,b,chicago,member,female,electronic accessories,"172,45","181,07",03/11/2019,19:44,credit card,"9,00"
746-04-1077,b,chicago,member,female,food and beverages,"846,30","888,62",01/01/2019,11:36,credit card,"9,00"
448-34-8700,b,chicago,member,male,home and lifestyle,"258,37","271,29",02/10/2019,13:51,ewallet,"6,70"
452-04-8808,b,chicago,normal,male,electronic accessories,"609,56","640,04",1/26/2019,15:17,cash,"5,50"
531-56-4728,a,nueva york,normal,male,home and lifestyle,"240,24","252,25",02/11/2019,15:29,cash,"5,40"
744-82-9138,c,houston,normal,male,fashion accessories,"172,26","180,87",02/07/2019,17:59,cash,"8,20"
883-69-1285,b,chicago,member,male,fashion accessories,"99,84","104,83",03/06/2019,11:55,credit card,"7,00"
221-25-5073,a,nueva york,normal,female,food and beverages,"298,64","313,57",03/04/2019,10:39,cash,"8,50"
518-71-6847,b,chicago,member,male,food and beverages,"159,60","167,58",2/26/2019,15:10,ewallet,"4,90"
156-20-0370,b,chicago,normal,female,electronic accessories,"25,45","26,72",03/10/2019,18:10,credit card,"5,10"
151-33-7434,b,chicago,normal,female,food and beverages,"67,77","71,16",02/04/2019,20:43,credit card,"6,50"
728-47-9078,c,houston,member,male,food and beverages,"238,36","250,28",1/19/2019,12:46,cash,"9,80"
809-46-1866,a,nueva york,normal,male,health and beauty,"232,60","244,23",1/23/2019,17:44,cash,"8,40"
139-32-4183,a,nueva york,member,female,sports and travel,"877,32","921,19",3/14/2019,14:19,ewallet,"7,40"
148-41-7930,c,houston,normal,male,health and beauty,"699,72","734,71",1/23/2019,10:33,cash,"6,10"
189-40-5216,c,houston,normal,male,electronic accessories,"674,59","708,32",01/09/2019,11:40,cash,"6,00"
374-38-5555,b,chicago,normal,female,fashion accessories,"318,55","334,48",02/07/2019,19:30,ewallet,"8,50"
764-44-8999,b,chicago,normal,female,health and beauty,"29,52","31,00",2/18/2019,14:42,ewallet,"4,30"
552-44-5977,b,chicago,member,male,health and beauty,"496,00","520,80",01/03/2019,19:08,credit card,"6,20"
267-62-7380,c,houston,member,male,electronic accessories,"823,40","864,57",3/29/2019,19:12,ewallet,"4,30"
430-53-4718,b,chicago,member,male,health and beauty,"602,96","633,11",1/28/2019,15:46,credit card,"8,40"
886-18-2897,a,nueva york,normal,female,food and beverages,"282,80","296,94",3/22/2019,19:06,credit card,"4,50"
602-16-6955,b,chicago,normal,female,sports and travel,"766,00","804,30",1/24/2019,18:10,ewallet,"6,00"
745-74-0715,a,nueva york,normal,male,electronic accessories,"116,06","121,86",03/10/2019,20:46,ewallet,"8,80"
690-01-6631,b,chicago,normal,male,fashion accessories,"174,90","183,65",2/22/2019,18:35,ewallet,"6,60"
652-49-6720,c,houston,member,female,electronic accessories,"60,95","64,00",2/18/2019,11:40,ewallet,"5,90"
233-67-5758,c,houston,normal,male,health and beauty,"40,35","42,37",1/29/2019,13:46,ewallet,"6,20"
303-96-2227,b,chicago,normal,female,home and lifestyle,"973,80","1.022,49",03/02/2019,17:16,ewallet,"4,40"
727-02-1313,a,nueva york,member,male,food and beverages,"31,84","33,43",02/09/2019,13:22,cash,"7,70"
347-56-2442,a,nueva york,normal,male,home and lifestyle,"65,82","69,11",2/22/2019,15:33,cash,"4,10"
849-09-3807,a,nueva york,member,female,fashion accessories,"618,38","649,30",2/18/2019,13:28,cash,"6,60"
,,,,,,"307.587,38","322.966,75",,,,
